system_time,midpoint,spread,buys,sells
2022-07-05 16:12:51.320577+00:00,19556.075,0.01,0.0,0.0
2022-07-05 16:12:52.320577+00:00,19556.075,0.01,0.0,0.0
2022-07-05 16:12:53.320577+00:00,19556.075,0.01,0.0,0.0
2022-07-05 16:12:54.320577+00:00,19556.075,0.01,0.0,0.0
2022-07-05 16:12:55.320577+00:00,19556.075,0.01,0.0,0.0
2022-07-05 16:12:56.320577+00:00,19556.075,0.01,0.0,0.0
2022-07-05 16:12:57.320577+00:00,19556.075,0.01,0.0,0.0
2022-07-05 16:12:58.320577+00:00,19556.075,0.01,0.0,0.0
2022-07-05 16:12:59.320577+00:00,19556.075,0.01,0.0,0.0
2022-07-05 16:13:00.320577+00:00,19556.075,0.01,0.0,0.0
2022-07-05 16:13:01.320577+00:00,19551.685,3.23,5114.520973,534.7865648
2022-07-05 16:13:02.320577+00:00,19557.57,3.16,2667.056704,3623.808516
2022-07-05 16:13:03.320577+00:00,19558.86,2.96,245.1301081,0.0
2022-07-05 16:13:04.320577+00:00,19557.85,1.34,4.987787939,0.0
2022-07-05 16:13:05.320577+00:00,19566.44,2.12,32498.04349,3.913504
2022-07-05 16:13:06.320577+00:00,19568.1,3.68,0.0,0.0
2022-07-05 16:13:07.320577+00:00,19568.585,2.95,0.0,4.435064308
2022-07-05 16:13:08.320577+00:00,19567.705,0.39,1090.768825,3781.397811
2022-07-05 16:13:09.320577+00:00,19567.165,0.01,0.0,678.396977
2022-07-05 16:13:10.320577+00:00,19568.2,0.9,50.60664561,0.0
2022-07-05 16:13:11.320577+00:00,19568.465,0.19,96.57989796,0.0
2022-07-05 16:13:12.320577+00:00,19566.145,3.65,199.1013627,18077.32302
2022-07-05 16:13:13.320577+00:00,19564.455,0.01,7.2388502,15.23202812
2022-07-05 16:13:14.320577+00:00,19568.275,0.01,108.9171608,50.24307276
2022-07-05 16:13:15.320577+00:00,19569.16,0.92,152.4394765,342.8659389
2022-07-05 16:13:16.320577+00:00,19570.78,2.72,57.14203154,1349.898412
2022-07-05 16:13:17.320577+00:00,19571.065,1.31,3498.757106,3854.746249
2022-07-05 16:13:18.320577+00:00,19571.845,0.19,441.5174662,0.327630425
2022-07-05 16:13:19.320577+00:00,19571.325,0.47,0.0,13230.53826
2022-07-05 16:13:20.320577+00:00,19568.75,0.76,1822.519881,8763.572857
2022-07-05 16:13:21.320577+00:00,19571.075,1.29,15075.69593,3.02245412
2022-07-05 16:13:22.320577+00:00,19573.655,2.15,960.7939088,7381.204356
2022-07-05 16:13:23.320577+00:00,19569.345,2.97,52.76034993,0.0
2022-07-05 16:13:24.320577+00:00,19567.515,0.01,1242.325729,7950.920585
2022-07-05 16:13:25.320577+00:00,19567.345,0.01,70.74815927,1021.471783
2022-07-05 16:13:26.320577+00:00,19566.905,0.01,38.54641394,2896.324938
2022-07-05 16:13:27.320577+00:00,19565.275,0.73,61.64711531,5.024584251
2022-07-05 16:13:28.320577+00:00,19564.395,0.01,226.8325363,223.0440808
2022-07-05 16:13:29.320577+00:00,19564.395,0.01,0.0,0.0
2022-07-05 16:13:30.320577+00:00,19563.505,1.79,692.2072538,11.76597832
2022-07-05 16:13:31.320577+00:00,19559.65,0.7,0.10759441,9993.301668
2022-07-05 16:13:32.320577+00:00,19555.28,3.78,734.7508527,7940.80635
2022-07-05 16:13:33.320577+00:00,19555.625,0.69,126.0609645,0.0
2022-07-05 16:13:34.320577+00:00,19554.36,1.16,3898.613636,293.30975
2022-07-05 16:13:35.320577+00:00,19553.87,0.26,8.963500161,0.0
2022-07-05 16:13:36.320577+00:00,19551.985,0.29,13.04763076,324.2731675
2022-07-05 16:13:37.320577+00:00,19551.04,2.0,131.9159934,0.0
2022-07-05 16:13:38.320577+00:00,19551.52,0.08,4515.449993,0.0
2022-07-05 16:13:39.320577+00:00,19556.535,0.01,12472.00912,1.489595754
2022-07-05 16:13:40.320577+00:00,19554.22,0.2,196.0120366,19.0539192
2022-07-05 16:13:41.320577+00:00,19552.76,2.2,0.296633725,0.0
2022-07-05 16:13:42.320577+00:00,19551.08,0.94,1.998192603,1007.415143
2022-07-05 16:13:43.320577+00:00,19544.735,2.73,0.0,16786.9027
2022-07-05 16:13:44.320577+00:00,19544.815,1.91,12.93944892,0.0
2022-07-05 16:13:45.320577+00:00,19544.635,1.39,116.4071123,0.0
2022-07-05 16:13:46.320577+00:00,19543.025,0.01,1608.625608,0.0
2022-07-05 16:13:47.320577+00:00,19539.025,0.51,243.6242658,39.08604
2022-07-05 16:13:48.320577+00:00,19538.645,0.01,534.1752514,0.0
2022-07-05 16:13:49.320577+00:00,19539.475,1.63,132.7983425,0.0
2022-07-05 16:13:50.320577+00:00,19540.32,2.28,59.64470199,0.0
2022-07-05 16:13:51.320577+00:00,19538.645,0.01,1029.339007,0.0
2022-07-05 16:13:52.320577+00:00,19540.245,0.33,377.9767473,0.0
2022-07-05 16:13:53.320577+00:00,19540.255,0.01,56.89244666,0.0
2022-07-05 16:13:54.320577+00:00,19540.445,0.01,8280.255076,1416.704519
2022-07-05 16:13:55.320577+00:00,19537.81,0.86,0.0,155.8692324
2022-07-05 16:13:56.320577+00:00,19533.965,2.45,0.0,10215.74495
2022-07-05 16:13:57.320577+00:00,19534.23,0.56,0.0,5.218976111
2022-07-05 16:13:58.320577+00:00,19533.395,1.93,0.0,0.0
2022-07-05 16:13:59.320577+00:00,19530.455,1.65,0.0,401.9627401
2022-07-05 16:14:00.320577+00:00,19535.105,0.77,4934.044813,5.813724306
2022-07-05 16:14:01.320577+00:00,19528.625,0.01,0.0,4345.982647
2022-07-05 16:14:02.320577+00:00,19528.02,0.08,2357.593855,19.53085
2022-07-05 16:14:03.320577+00:00,19529.365,1.79,1100.789092,0.0
2022-07-05 16:14:04.320577+00:00,19527.755,2.95,0.0,118.4433986
2022-07-05 16:14:05.320577+00:00,19528.7,1.1,1043.878366,170.1171917
2022-07-05 16:14:06.320577+00:00,19525.465,0.67,0.0,1302.929046
2022-07-05 16:14:07.320577+00:00,19519.195,0.95,102.8308143,162058.9673
2022-07-05 16:14:08.320577+00:00,19522.575,3.99,68041.2816,21098.99525
2022-07-05 16:14:09.320577+00:00,19522.12,0.72,32.51480922,387.5968596
2022-07-05 16:14:10.320577+00:00,19526.325,2.29,2155.600072,58.5753
2022-07-05 16:14:11.320577+00:00,19525.355,3.01,100.3754418,2.486916497
2022-07-05 16:14:12.320577+00:00,19525.155,2.33,0.0,0.850459342
2022-07-05 16:14:13.320577+00:00,19526.525,0.01,360.3842141,0.0
2022-07-05 16:14:14.320577+00:00,19529.245,0.01,12446.44137,195.6747825
2022-07-05 16:14:15.320577+00:00,19526.66,1.58,0.0,6360.804314
2022-07-05 16:14:16.320577+00:00,19528.725,0.01,0.0,5.13605336
2022-07-05 16:14:17.320577+00:00,19528.665,0.13,0.0,0.0
2022-07-05 16:14:18.320577+00:00,19527.725,2.01,18.8475679,0.0
2022-07-05 16:14:19.320577+00:00,19528.725,0.01,122.519151,0.0
2022-07-05 16:14:20.320577+00:00,19528.715,0.01,5652.367387,1348.137454
2022-07-05 16:14:21.320577+00:00,19528.715,0.01,5652.367387,1348.137454
2022-07-05 16:14:22.320577+00:00,19528.715,0.01,5652.367387,1348.137454
2022-07-05 16:14:23.320577+00:00,19528.715,0.01,5652.367387,1348.137454
2022-07-05 16:14:24.320577+00:00,19528.715,0.01,5652.367387,1348.137454
2022-07-05 16:14:25.320577+00:00,19528.715,0.01,5652.367387,1348.137454
2022-07-05 16:14:26.320577+00:00,19528.715,0.01,5652.367387,1348.137454
2022-07-05 16:14:27.320577+00:00,19528.715,0.01,5652.367387,1348.137454
2022-07-05 16:14:28.320577+00:00,19532.315,0.01,6520.704689,172.3722
2022-07-05 16:14:29.320577+00:00,19535.555,0.01,13281.54043,7736.192399
2022-07-05 16:14:30.320577+00:00,19532.155,0.01,28.05228002,7550.811115
2022-07-05 16:14:31.320577+00:00,19534.795,0.01,2743.168763,1.883631362
2022-07-05 16:14:32.320577+00:00,19536.88,2.4,142.9950288,0.0
2022-07-05 16:14:33.320577+00:00,19537.32,0.4,0.0,76.73149969
2022-07-05 16:14:34.320577+00:00,19539.215,0.01,4912.385761,0.0
2022-07-05 16:14:35.320577+00:00,19539.215,0.01,106.4574862,0.0
2022-07-05 16:14:36.320577+00:00,19539.045,2.69,339.0164712,1152.351654
2022-07-05 16:14:37.320577+00:00,19539.84,0.14,235.2343015,382.5773609
2022-07-05 16:14:38.320577+00:00,19540.375,0.01,83.15426386,0.0
2022-07-05 16:14:39.320577+00:00,19539.125,2.51,0.0,0.0
2022-07-05 16:14:40.320577+00:00,19538.42,2.18,1302.513507,7.111146007
2022-07-05 16:14:41.320577+00:00,19537.335,0.01,0.0,10.62733065
2022-07-05 16:14:42.320577+00:00,19540.355,0.01,1521.125256,0.0
2022-07-05 16:14:43.320577+00:00,19537.535,0.01,0.0,488.4407762
2022-07-05 16:14:44.320577+00:00,19537.335,0.01,0.0,0.0
2022-07-05 16:14:45.320577+00:00,19537.335,0.01,199.2031094,0.0
2022-07-05 16:14:46.320577+00:00,19538.375,2.09,4904.191196,0.158447746
2022-07-05 16:14:47.320577+00:00,19537.335,0.01,35.69492556,0.0
2022-07-05 16:14:48.320577+00:00,19537.335,0.01,0.0,0.0
2022-07-05 16:14:49.320577+00:00,19537.335,0.01,105.2910235,0.0
2022-07-05 16:14:50.320577+00:00,19537.335,0.01,0.0,0.0
2022-07-05 16:14:51.320577+00:00,19537.805,0.79,3853.92155,0.0
2022-07-05 16:14:52.320577+00:00,19535.03,3.32,264.2579581,9.385981381
2022-07-05 16:14:53.320577+00:00,19531.96,0.02,2.916326406,18.52354219
2022-07-05 16:14:54.320577+00:00,19532.615,0.41,373.0294352,182.3118239
2022-07-05 16:14:55.320577+00:00,19533.59,1.06,488.908762,0.0
2022-07-05 16:14:56.320577+00:00,19535.245,2.25,239.173387,125.2736148
2022-07-05 16:14:57.320577+00:00,19534.38,2.86,0.0,0.0
2022-07-05 16:14:58.320577+00:00,19533.495,3.75,41.66394433,0.0
2022-07-05 16:14:59.320577+00:00,19535.355,0.01,284.6573229,4.297777
2022-07-05 16:15:00.320577+00:00,19534.645,0.01,161.4715549,386.9645693
2022-07-05 16:15:01.320577+00:00,19527.06,1.46,421.9707486,13873.43953
2022-07-05 16:15:02.320577+00:00,19528.725,0.01,95.62477047,0.0
2022-07-05 16:15:03.320577+00:00,19534.185,0.15,14725.77023,0.0
2022-07-05 16:15:04.320577+00:00,19533.785,0.01,3173.369369,0.0
2022-07-05 16:15:05.320577+00:00,19533.755,0.01,3.906418,553.8500948
2022-07-05 16:15:06.320577+00:00,19533.615,2.59,18621.89989,1278.575521
2022-07-05 16:15:07.320577+00:00,19533.47,1.76,0.0,0.0
2022-07-05 16:15:08.320577+00:00,19532.37,2.26,171.1413195,0.0
2022-07-05 16:15:09.320577+00:00,19532.165,0.93,4481.587809,0.0
2022-07-05 16:15:10.320577+00:00,19532.305,0.01,399.935376,0.0
2022-07-05 16:15:11.320577+00:00,19533.355,2.11,3102.668895,0.0
2022-07-05 16:15:12.320577+00:00,19533.425,2.53,194.2180164,15.22341785
2022-07-05 16:15:13.320577+00:00,19531.295,2.15,0.0,0.0
2022-07-05 16:15:14.320577+00:00,19531.025,0.01,864.8043579,50.78073
2022-07-05 16:15:15.320577+00:00,19531.025,0.01,0.0,0.0
2022-07-05 16:15:16.320577+00:00,19532.515,0.01,95.68053252,0.0
2022-07-05 16:15:17.320577+00:00,19532.515,0.01,27.15117943,5.2737777
2022-07-05 16:15:18.320577+00:00,19527.595,2.47,0.0,7527.348881
2022-07-05 16:15:19.320577+00:00,19529.13,2.66,0.0,0.0
2022-07-05 16:15:20.320577+00:00,19528.265,2.71,440.9399822,4.993938622
2022-07-05 16:15:21.320577+00:00,19528.145,0.63,0.0,910.4906128
2022-07-05 16:15:22.320577+00:00,19528.65,0.42,21.93708902,25.12197107
2022-07-05 16:15:23.320577+00:00,19526.545,0.01,0.0,678.2574423
2022-07-05 16:15:24.320577+00:00,19525.525,1.05,391.8337505,2009.651712
2022-07-05 16:15:25.320577+00:00,19525.09,1.74,156.9667918,3.905208
2022-07-05 16:15:26.320577+00:00,19524.045,0.53,2185.00735,97.6215
2022-07-05 16:15:27.320577+00:00,19524.295,0.01,706.6791536,0.0
2022-07-05 16:15:28.320577+00:00,19528.045,3.35,22532.74548,0.0
2022-07-05 16:15:29.320577+00:00,19526.385,0.01,0.0,55.67858179
2022-07-05 16:15:30.320577+00:00,19524.93,1.58,0.0,2.487270284
2022-07-05 16:15:31.320577+00:00,19525.495,0.01,0.0,0.0
2022-07-05 16:15:32.320577+00:00,19523.705,3.01,1018.89409,0.0
2022-07-05 16:15:33.320577+00:00,19521.835,0.67,0.0,338.6577495
2022-07-05 16:15:34.320577+00:00,19525.145,0.05,61924.38486,200.9767851
2022-07-05 16:15:35.320577+00:00,19524.05,1.12,0.0,8.102661394
2022-07-05 16:15:36.320577+00:00,19523.615,1.97,0.0,0.0
2022-07-05 16:15:37.320577+00:00,19523.215,1.95,910.7855449,1.786677235
2022-07-05 16:15:38.320577+00:00,19522.335,0.01,105.1457618,2010.32171
2022-07-05 16:15:39.320577+00:00,19519.315,0.95,158.7048505,9447.600036
2022-07-05 16:15:40.320577+00:00,19518.07,0.74,4.981496257,0.0
2022-07-05 16:15:41.320577+00:00,19518.235,0.01,695.9368954,103.6880136
2022-07-05 16:15:42.320577+00:00,19518.235,0.01,41.75654193,0.0
2022-07-05 16:15:43.320577+00:00,19517.825,1.01,1068.966625,0.0
2022-07-05 16:15:44.320577+00:00,19520.465,1.49,22404.43267,0.0
2022-07-05 16:15:45.320577+00:00,19520.915,1.91,7076.419534,44.01422587
2022-07-05 16:15:46.320577+00:00,19521.865,0.01,48.94196389,1459.337787
2022-07-05 16:15:47.320577+00:00,19521.865,0.01,2150.036858,19.99038464
2022-07-05 16:15:48.320577+00:00,19521.865,0.01,469.4409921,283.4165057
2022-07-05 16:15:49.320577+00:00,19520.96,1.82,493.0231753,178.1770092
2022-07-05 16:15:50.320577+00:00,19519.51,2.32,0.0,0.0
2022-07-05 16:15:51.320577+00:00,19520.67,1.86,834.2859363,109.245484
2022-07-05 16:15:52.320577+00:00,19520.785,1.13,11.13277805,0.0
2022-07-05 16:15:53.320577+00:00,19519.515,2.15,6.293251695,278.4364239
2022-07-05 16:15:54.320577+00:00,19520.07,1.04,286.9882005,0.0
2022-07-05 16:15:55.320577+00:00,19524.5,2.04,4560.358198,0.0
2022-07-05 16:15:56.320577+00:00,19523.445,1.29,0.0,0.0
2022-07-05 16:15:57.320577+00:00,19523.645,0.33,0.0,0.0
2022-07-05 16:15:58.320577+00:00,19523.265,0.01,965.2337559,32994.19535
2022-07-05 16:15:59.320577+00:00,19522.975,2.53,0.0,8.800715675
2022-07-05 16:16:00.320577+00:00,19524.605,0.75,2506.960031,0.0
2022-07-05 16:16:01.320577+00:00,19524.51,2.18,0.0,1.477885852
2022-07-05 16:16:02.320577+00:00,19520.0,1.64,349.972934,407.318901
2022-07-05 16:16:03.320577+00:00,19520.7,0.08,733.8772781,0.0
2022-07-05 16:16:04.320577+00:00,19519.98,0.52,785.2528642,7.808236
2022-07-05 16:16:05.320577+00:00,19520.0,0.4,418.2582161,0.0
2022-07-05 16:16:06.320577+00:00,19519.605,0.87,146.2463618,0.0
2022-07-05 16:16:07.320577+00:00,19519.185,0.01,566.448065,2.908162628
2022-07-05 16:16:08.320577+00:00,19519.18,0.02,99.58378431,2.487524299
2022-07-05 16:16:09.320577+00:00,19518.545,1.29,0.0,25.31594572
2022-07-05 16:16:10.320577+00:00,19519.765,0.55,0.0,0.0
2022-07-05 16:16:11.320577+00:00,19518.65,0.92,201.7939396,158.6354315
2022-07-05 16:16:12.320577+00:00,19518.865,2.13,134.3394192,0.0
2022-07-05 16:16:13.320577+00:00,19518.475,0.79,4900.541014,0.0
2022-07-05 16:16:14.320577+00:00,19520.395,0.01,2075.322845,4.4896897
2022-07-05 16:16:15.320577+00:00,19515.725,0.01,0.0,105.7911935
2022-07-05 16:16:16.320577+00:00,19514.745,1.97,0.975396185,9271.129161
2022-07-05 16:16:17.320577+00:00,19516.485,1.67,95.65849278,83.96010095
2022-07-05 16:16:18.320577+00:00,19516.495,1.69,191.3106217,0.0
2022-07-05 16:16:19.320577+00:00,19515.785,0.93,51.12568644,1146.462752
2022-07-05 16:16:20.320577+00:00,19514.88,1.32,389.2189992,0.0
2022-07-05 16:16:21.320577+00:00,19513.775,0.01,18.4138659,9837.571499
2022-07-05 16:16:22.320577+00:00,19516.065,0.01,11361.05463,0.0
2022-07-05 16:16:23.320577+00:00,19515.24,0.96,0.0,0.0
2022-07-05 16:16:24.320577+00:00,19515.86,0.4,757.9613014,0.223258578
2022-07-05 16:16:25.320577+00:00,19519.155,0.63,5420.10788,7.905838046
2022-07-05 16:16:26.320577+00:00,19518.665,1.43,0.0,0.0
2022-07-05 16:16:27.320577+00:00,19523.095,0.01,9648.070361,2672.709797
2022-07-05 16:16:28.320577+00:00,19522.025,2.13,3633.324335,4.176153997
2022-07-05 16:16:29.320577+00:00,19522.475,0.17,443.9576442,990.264935
2022-07-05 16:16:30.320577+00:00,19523.365,4.99,2153.338883,0.0
2022-07-05 16:16:31.320577+00:00,19524.295,2.29,154.3384489,15.34518804
2022-07-05 16:16:32.320577+00:00,19520.515,0.45,1.074963647,547.0959355
2022-07-05 16:16:33.320577+00:00,19520.78,0.02,104.6821401,0.0
2022-07-05 16:16:34.320577+00:00,19521.98,1.76,0.0,0.0
2022-07-05 16:16:35.320577+00:00,19515.7,3.62,0.0,100256.8346
2022-07-05 16:16:36.320577+00:00,19514.95,0.26,3.902558,18725.40159
2022-07-05 16:16:37.320577+00:00,19514.585,0.49,128.9930263,352.7388628
2022-07-05 16:16:38.320577+00:00,19513.825,1.33,66.16558802,103.3009984
2022-07-05 16:16:39.320577+00:00,19514.345,0.01,0.0,0.0
2022-07-05 16:16:40.320577+00:00,19513.165,0.01,59.67435078,327.3100363
2022-07-05 16:16:41.320577+00:00,19512.18,0.76,47.76838633,367.4692177
2022-07-05 16:16:42.320577+00:00,19511.815,0.03,0.0,4.997169659
2022-07-05 16:16:43.320577+00:00,19509.775,0.01,42.77632642,9682.445912
2022-07-05 16:16:44.320577+00:00,19511.725,1.93,10989.21875,412.4277584
2022-07-05 16:16:45.320577+00:00,19509.735,2.01,76.26728755,0.0
2022-07-05 16:16:46.320577+00:00,19512.715,0.01,5809.186253,0.0
2022-07-05 16:16:47.320577+00:00,19515.205,0.01,20230.16379,0.0
2022-07-05 16:16:48.320577+00:00,19515.205,0.01,0.0,0.0
2022-07-05 16:16:49.320577+00:00,19515.205,0.01,0.0,8.391536
2022-07-05 16:16:50.320577+00:00,19515.685,0.01,4928.645567,0.0
2022-07-05 16:16:51.320577+00:00,19513.095,2.91,0.0,497.24472
2022-07-05 16:16:52.320577+00:00,19512.285,1.21,124.3958138,279.6268745
2022-07-05 16:16:53.320577+00:00,19513.325,0.01,342.3113697,1.00005765
2022-07-05 16:16:54.320577+00:00,19516.355,0.69,8273.290528,0.0
2022-07-05 16:16:55.320577+00:00,19514.685,1.39,392.0025,0.0
2022-07-05 16:16:56.320577+00:00,19512.725,1.77,0.0,0.0
2022-07-05 16:16:57.320577+00:00,19513.235,0.01,103.9948686,1666.265078
2022-07-05 16:16:58.320577+00:00,19513.235,0.01,5026.066205,0.0
2022-07-05 16:16:59.320577+00:00,19510.695,3.17,1960.739919,480.6108549
2022-07-05 16:17:00.320577+00:00,19508.59,0.48,739.4031223,94001.67945
2022-07-05 16:17:01.320577+00:00,19509.5,1.92,22532.44306,89.42939774
2022-07-05 16:17:02.320577+00:00,19510.025,0.29,0.0,0.0
2022-07-05 16:17:03.320577+00:00,19510.74,1.44,125.7887503,0.0
2022-07-05 16:17:04.320577+00:00,19510.4,3.14,97.69485988,1852.381099
2022-07-05 16:17:05.320577+00:00,19510.31,2.4,654.9820506,25.52851753
2022-07-05 16:17:06.320577+00:00,19510.735,0.35,383.9270725,1297.409226
2022-07-05 16:17:07.320577+00:00,19510.915,0.01,2379.302428,0.0
2022-07-05 16:17:08.320577+00:00,19507.48,3.22,3968.197052,313.5418876
2022-07-05 16:17:09.320577+00:00,19509.43,0.78,10.68059423,289.9982669
2022-07-05 16:17:10.320577+00:00,19510.915,0.01,67689.76157,113.972446
2022-07-05 16:17:11.320577+00:00,19516.075,1.87,3618.897929,80.01539157
2022-07-05 16:17:12.320577+00:00,19518.275,0.01,3711.708975,212.1193417
2022-07-05 16:17:13.320577+00:00,19517.68,2.12,51.76942557,277.3372805
2022-07-05 16:17:14.320577+00:00,19517.9,1.56,95.70853106,6.416848577
2022-07-05 16:17:15.320577+00:00,19517.08,2.72,49.58368284,0.0
2022-07-05 16:17:16.320577+00:00,19515.05,2.38,1274.218903,4.402111181
2022-07-05 16:17:17.320577+00:00,19524.42,3.22,36082.91311,0.0
2022-07-05 16:17:18.320577+00:00,19524.065,4.79,39.98382384,0.0
2022-07-05 16:17:19.320577+00:00,19526.635,2.47,0.31244432,0.0
2022-07-05 16:17:20.320577+00:00,19528.205,2.67,85.41533399,47.80114071
2022-07-05 16:17:21.320577+00:00,19528.3,2.16,10.68239198,0.0
2022-07-05 16:17:22.320577+00:00,19525.52,2.6,2841.426743,10683.51358
2022-07-05 16:17:23.320577+00:00,19526.545,0.01,42.81653641,222.3376359
2022-07-05 16:17:24.320577+00:00,19526.26,0.64,25304.22007,127.1109501
2022-07-05 16:17:25.320577+00:00,19527.615,1.75,97536.85657,1531.82303
2022-07-05 16:17:26.320577+00:00,19527.175,0.27,15.97587813,2.487738526
2022-07-05 16:17:27.320577+00:00,19528.28,2.18,99.55903096,33.3718139
2022-07-05 16:17:28.320577+00:00,19526.965,3.45,175.75821,0.0
2022-07-05 16:17:29.320577+00:00,19526.965,3.45,175.75821,0.0
2022-07-05 16:17:30.320577+00:00,19526.965,3.45,175.75821,0.0
2022-07-05 16:17:31.320577+00:00,19526.965,3.45,175.75821,0.0
2022-07-05 16:17:32.320577+00:00,19526.965,3.45,175.75821,0.0
2022-07-05 16:17:33.320577+00:00,19526.965,3.45,175.75821,0.0
2022-07-05 16:17:34.320577+00:00,19526.965,3.45,175.75821,0.0
2022-07-05 16:17:35.320577+00:00,19526.965,3.45,175.75821,0.0
2022-07-05 16:17:36.320577+00:00,19528.305,0.01,26011.4314,24837.21353
2022-07-05 16:17:37.320577+00:00,19529.96,2.18,934.4824667,0.0
2022-07-05 16:17:38.320577+00:00,19532.085,0.01,980.5329106,0.0
2022-07-05 16:17:39.320577+00:00,19529.405,0.01,7.13350991,3.906416
2022-07-05 16:17:40.320577+00:00,19532.08,0.02,4136.433777,0.0
2022-07-05 16:17:41.320577+00:00,19549.265,0.69,159726.2264,0.0
2022-07-05 16:17:42.320577+00:00,19549.235,0.01,5666.563835,44711.79102
2022-07-05 16:17:43.320577+00:00,19547.37,0.52,626.1584691,26703.41724
2022-07-05 16:17:44.320577+00:00,19548.62,0.46,0.14094829,0.0
2022-07-05 16:17:45.320577+00:00,19550.02,3.2,64.90632761,0.0
2022-07-05 16:17:46.320577+00:00,19548.435,0.01,0.0,10095.1559
2022-07-05 16:17:47.320577+00:00,19551.565,0.01,1762.352896,6.160091808
2022-07-05 16:17:48.320577+00:00,19551.335,0.01,21.93647051,10788.93033
2022-07-05 16:17:49.320577+00:00,19553.425,0.01,611.8919244,0.0
2022-07-05 16:17:50.320577+00:00,19551.73,0.14,15.73815065,9593.939529
2022-07-05 16:17:51.320577+00:00,19551.795,2.09,543.486519,3952.528033
2022-07-05 16:17:52.320577+00:00,19553.11,0.28,32.32426005,0.0
2022-07-05 16:17:53.320577+00:00,19550.725,0.01,204.0391063,19.69221562
2022-07-05 16:17:54.320577+00:00,19552.74,3.12,2840.608139,0.0
2022-07-05 16:17:55.320577+00:00,19553.925,0.35,339.2269695,4514.073013
2022-07-05 16:17:56.320577+00:00,19549.785,0.01,0.0,18604.72407
2022-07-05 16:17:57.320577+00:00,19550.73,0.46,1565.47598,17083.20777
2022-07-05 16:17:58.320577+00:00,19551.315,2.51,295.6281714,16082.47348
2022-07-05 16:17:59.320577+00:00,19552.755,2.09,883.9799782,126.116429
2022-07-05 16:18:00.320577+00:00,19543.455,0.01,0.0,16579.38937
2022-07-05 16:18:01.320577+00:00,19545.49,2.98,3.908692,98.25819121
2022-07-05 16:18:02.320577+00:00,19545.035,2.01,109.0231298,0.0
2022-07-05 16:18:03.320577+00:00,19547.415,0.01,2081.233822,153.5077807
2022-07-05 16:18:04.320577+00:00,19546.23,1.56,48.8678,734.3961687
2022-07-05 16:18:05.320577+00:00,19545.465,0.01,99.66960393,97.72735
2022-07-05 16:18:06.320577+00:00,19548.975,0.01,17629.91577,0.0
2022-07-05 16:18:07.320577+00:00,19548.545,0.67,155.3387364,0.0
2022-07-05 16:18:08.320577+00:00,19550.005,0.01,46.77389314,0.0
2022-07-05 16:18:09.320577+00:00,19547.95,0.24,2.001921024,1955.0
2022-07-05 16:18:10.320577+00:00,19548.12,1.84,18.41174069,97.93325836
2022-07-05 16:18:11.320577+00:00,19554.595,1.55,71772.37893,0.0
2022-07-05 16:18:12.320577+00:00,19552.435,3.77,220.3562255,8.031765138
2022-07-05 16:18:13.320577+00:00,19553.095,3.51,9.952757794,0.0
2022-07-05 16:18:14.320577+00:00,19553.925,0.01,1276.129223,2394.502483
2022-07-05 16:18:15.320577+00:00,19553.925,0.01,361.0858045,5.4750976
2022-07-05 16:18:16.320577+00:00,19553.925,0.01,129.586045,0.0
2022-07-05 16:18:17.320577+00:00,19555.52,3.06,492.9077571,0.0
2022-07-05 16:18:18.320577+00:00,19559.715,0.27,1822.885646,24.41883114
2022-07-05 16:18:19.320577+00:00,19560.325,0.45,3.911918,743.0720017
2022-07-05 16:18:20.320577+00:00,19563.54,2.16,220.4843212,1312.910219
2022-07-05 16:18:21.320577+00:00,19580.055,8.41,144255.9559,0.0
2022-07-05 16:18:22.320577+00:00,19583.465,1.95,3482.56391,782.1393256
2022-07-05 16:18:23.320577+00:00,19584.02,2.0,11750.58783,42301.9689
2022-07-05 16:18:24.320577+00:00,19583.535,0.01,14572.70941,12901.08926
2022-07-05 16:18:25.320577+00:00,19578.12,4.56,223.7188482,39124.80054
2022-07-05 16:18:26.320577+00:00,19577.465,2.45,105.6158291,15309.98206
2022-07-05 16:18:27.320577+00:00,19578.645,0.01,0.0,4.409548435
2022-07-05 16:18:28.320577+00:00,19581.77,1.48,117.9792281,0.0
2022-07-05 16:18:29.320577+00:00,19578.095,0.01,2908.00108,16914.42499
2022-07-05 16:18:30.320577+00:00,19576.305,0.01,245.3338739,1877.233586
2022-07-05 16:18:31.320577+00:00,19577.215,0.01,195.9587466,58.72896
2022-07-05 16:18:32.320577+00:00,19583.7,0.04,22009.01689,0.0
2022-07-05 16:18:33.320577+00:00,19577.155,0.01,93.74736568,11288.37376
2022-07-05 16:18:34.320577+00:00,19577.84,0.32,302.387443,0.0
2022-07-05 16:18:35.320577+00:00,19578.715,1.25,42.62219735,107.6758768
2022-07-05 16:18:36.320577+00:00,19576.14,1.46,10.6782692,20622.71772
2022-07-05 16:18:37.320577+00:00,19580.105,0.01,4117.042277,499.5590981
2022-07-05 16:18:38.320577+00:00,19567.605,1.07,103.3150622,20423.31755
2022-07-05 16:18:39.320577+00:00,19564.385,0.01,19658.64588,200.9695283
2022-07-05 16:18:40.320577+00:00,19572.515,1.87,88673.95773,0.0
2022-07-05 16:18:41.320577+00:00,19571.005,2.61,0.0,0.0
2022-07-05 16:18:42.320577+00:00,19566.96,3.3,347.9124764,28.59258469
2022-07-05 16:18:43.320577+00:00,19567.09,3.36,0.0,0.0
2022-07-05 16:18:44.320577+00:00,19569.565,0.01,167.2717642,23.78853212
2022-07-05 16:18:45.320577+00:00,19568.815,0.03,2450.29868,231.5397822
2022-07-05 16:18:46.320577+00:00,19568.795,0.01,1623.644404,358.8123421
2022-07-05 16:18:47.320577+00:00,19568.795,0.01,2.01362952,2.049830753
2022-07-05 16:18:48.320577+00:00,19568.795,0.01,223.6917356,3.5223822
2022-07-05 16:18:49.320577+00:00,19568.175,1.17,536.2990104,1.747341851
2022-07-05 16:18:50.320577+00:00,19569.585,0.01,3335.820596,0.0
2022-07-05 16:18:51.320577+00:00,19572.29,0.84,1427.743134,0.0
2022-07-05 16:18:52.320577+00:00,19572.735,0.01,260.8057448,0.0
2022-07-05 16:18:53.320577+00:00,19577.755,0.75,4685.111798,171.1198767
2022-07-05 16:18:54.320577+00:00,19579.585,2.03,95.72616506,0.0
2022-07-05 16:18:55.320577+00:00,19575.01,2.08,3.911508533,59.1199126
2022-07-05 16:18:56.320577+00:00,19575.05,0.36,67.98899197,0.0
2022-07-05 16:18:57.320577+00:00,19575.215,0.01,0.0,0.0
2022-07-05 16:18:58.320577+00:00,19574.065,2.29,0.0,31.36553439
2022-07-05 16:18:59.320577+00:00,19575.29,2.94,20580.7466,638.3835784
2022-07-05 16:19:00.320577+00:00,19575.475,2.01,0.0,0.0
2022-07-05 16:19:01.320577+00:00,19576.435,0.01,1262.268996,2549.997653
2022-07-05 16:19:02.320577+00:00,19580.625,0.01,8787.473638,2956.670152
2022-07-05 16:19:03.320577+00:00,19589.755,1.19,113468.4271,0.0
2022-07-05 16:19:04.320577+00:00,19588.975,0.01,979.5227025,29521.66613
2022-07-05 16:19:05.320577+00:00,19616.975,4.63,239027.958,10832.01201
2022-07-05 16:19:06.320577+00:00,19607.92,3.32,4969.600764,47602.92464
2022-07-05 16:19:07.320577+00:00,19619.665,1.21,126869.7301,37679.33442
2022-07-05 16:19:08.320577+00:00,19608.92,1.6,22846.43509,114004.639
2022-07-05 16:19:09.320577+00:00,19605.435,4.05,12926.50122,25992.47216
2022-07-05 16:19:10.320577+00:00,19604.505,0.01,14749.18697,3924.297908
2022-07-05 16:19:11.320577+00:00,19607.715,2.49,58079.01956,98.05135
2022-07-05 16:19:12.320577+00:00,19611.125,0.01,23728.85854,0.0
2022-07-05 16:19:13.320577+00:00,19608.765,0.05,115.903127,29549.13053
2022-07-05 16:19:14.320577+00:00,19612.655,1.23,27.452356,206.0935831
2022-07-05 16:19:15.320577+00:00,19616.705,0.85,769.7744138,0.0
2022-07-05 16:19:16.320577+00:00,19611.18,6.64,21319.39428,2657.93565
2022-07-05 16:19:17.320577+00:00,19611.415,3.59,126.6002268,188.6615306
2022-07-05 16:19:18.320577+00:00,19610.195,0.01,201.7564651,0.0
2022-07-05 16:19:19.320577+00:00,19612.575,0.01,1390.142025,983.4428638
2022-07-05 16:19:20.320577+00:00,19602.325,0.01,122.6504924,6763.797479
2022-07-05 16:19:21.320577+00:00,19600.21,1.22,3.919826,3497.266544
2022-07-05 16:19:22.320577+00:00,19591.795,0.03,539.4934321,2508.75453
2022-07-05 16:19:23.320577+00:00,19596.01,2.56,26486.89062,979.589
2022-07-05 16:19:24.320577+00:00,19598.695,2.79,7059.805366,0.0
2022-07-05 16:19:25.320577+00:00,19599.105,0.01,4548.468658,0.0
2022-07-05 16:19:26.320577+00:00,19598.275,3.31,489.98075,322.7052572
2022-07-05 16:19:27.320577+00:00,19596.925,0.01,19.00351178,44.00431316
2022-07-05 16:19:28.320577+00:00,19599.965,0.01,2893.517076,59.41884129
2022-07-05 16:19:29.320577+00:00,19599.965,0.01,1757.316258,10.1919792
2022-07-05 16:19:30.320577+00:00,19599.965,0.01,16.988274,0.0
2022-07-05 16:19:31.320577+00:00,19596.835,1.99,3.919244,41.76320277
2022-07-05 16:19:32.320577+00:00,19595.385,0.45,10.45198113,0.0
2022-07-05 16:19:33.320577+00:00,19595.645,0.01,980.4010182,6141.511467
2022-07-05 16:19:34.320577+00:00,19591.225,0.29,447.9747031,12828.29454
2022-07-05 16:19:35.320577+00:00,19590.225,1.81,19448.53035,5.895936163
2022-07-05 16:19:36.320577+00:00,19590.225,1.81,19448.53035,5.895936163
2022-07-05 16:19:37.320577+00:00,19590.225,1.81,19448.53035,5.895936163
2022-07-05 16:19:38.320577+00:00,19590.225,1.81,19448.53035,5.895936163
2022-07-05 16:19:39.320577+00:00,19590.225,1.81,19448.53035,5.895936163
2022-07-05 16:19:40.320577+00:00,19590.225,1.81,19448.53035,5.895936163
2022-07-05 16:19:41.320577+00:00,19590.225,1.81,19448.53035,5.895936163
2022-07-05 16:19:42.320577+00:00,19590.225,1.81,19448.53035,5.895936163
2022-07-05 16:19:43.320577+00:00,19581.56,2.94,7629.03371,3310.425243
2022-07-05 16:19:44.320577+00:00,19590.605,1.19,9196.706497,30.4373886
2022-07-05 16:19:45.320577+00:00,19590.31,1.44,1500.492955,0.0
2022-07-05 16:19:46.320577+00:00,19595.535,0.01,1478.27637,1278.7011
2022-07-05 16:19:47.320577+00:00,19596.865,0.01,1175.8239,9.18719456
2022-07-05 16:19:48.320577+00:00,19595.87,2.06,3591.317806,66.37938053
2022-07-05 16:19:49.320577+00:00,19594.055,0.01,1497.204743,19497.52023
2022-07-05 16:19:50.320577+00:00,19596.635,2.85,2397.901933,0.0
2022-07-05 16:19:51.320577+00:00,19596.55,1.78,0.0,53.35133987
2022-07-05 16:19:52.320577+00:00,19597.245,0.11,103.5576204,3022.970103
2022-07-05 16:19:53.320577+00:00,19596.335,1.53,6.5650955,499.7455621
2022-07-05 16:19:54.320577+00:00,19603.765,2.23,6794.409041,287.9786148
2022-07-05 16:19:55.320577+00:00,19603.93,0.56,47.81042843,25002.49362
2022-07-05 16:19:56.320577+00:00,19604.065,0.01,1519.856691,0.0
2022-07-05 16:19:57.320577+00:00,19600.595,0.01,2173.415924,55201.84054
2022-07-05 16:19:58.320577+00:00,19599.38,2.12,619.3751336,350.8696504
2022-07-05 16:19:59.320577+00:00,19590.135,3.77,411.8585758,32420.57315
2022-07-05 16:20:00.320577+00:00,19591.35,2.42,3710.22404,18.96646901
2022-07-05 16:20:01.320577+00:00,19597.425,0.01,11975.93283,0.0
2022-07-05 16:20:02.320577+00:00,19596.455,0.01,4905.111123,27.08500626
2022-07-05 16:20:03.320577+00:00,19593.76,3.08,791.3176889,19.59645
2022-07-05 16:20:04.320577+00:00,19594.465,0.01,0.0,4.147493987
2022-07-05 16:20:05.320577+00:00,19596.715,0.01,68854.62309,2176.047516
2022-07-05 16:20:06.320577+00:00,19596.895,0.13,1346.22563,25.47940643
2022-07-05 16:20:07.320577+00:00,19600.13,1.36,1156.862057,19.59677
2022-07-05 16:20:08.320577+00:00,19602.31,2.98,1273.758861,0.0
2022-07-05 16:20:09.320577+00:00,19603.765,0.01,1147.234255,55.29738102
2022-07-05 16:20:10.320577+00:00,19607.66,1.66,1935.469262,0.0
2022-07-05 16:20:11.320577+00:00,19607.12,0.02,44.77857068,0.0
2022-07-05 16:20:12.320577+00:00,19608.905,0.01,8420.556458,12457.07237
2022-07-05 16:20:13.320577+00:00,19604.97,2.9,106.530165,45729.70481
2022-07-05 16:20:14.320577+00:00,19603.805,0.01,23.38438519,23914.50844
2022-07-05 16:20:15.320577+00:00,19604.23,1.42,1414.811369,0.0
2022-07-05 16:20:16.320577+00:00,19594.4,3.14,0.0,20315.67389
2022-07-05 16:20:17.320577+00:00,19598.075,0.01,14255.27267,7.87808186
2022-07-05 16:20:18.320577+00:00,19598.075,0.01,0.0,0.0
2022-07-05 16:20:19.320577+00:00,19600.375,2.15,1297.074143,3.920296
2022-07-05 16:20:20.320577+00:00,19600.8,1.02,0.0,0.0
2022-07-05 16:20:21.320577+00:00,19599.73,1.4,1129.390034,0.0
2022-07-05 16:20:22.320577+00:00,19602.935,0.01,1172.024335,349.0470272
2022-07-05 16:20:23.320577+00:00,19605.435,2.75,2153.544477,19.60293
2022-07-05 16:20:24.320577+00:00,19608.625,0.01,218.1069579,0.0
2022-07-05 16:20:25.320577+00:00,19609.855,0.01,989.0020803,75.59736624
2022-07-05 16:20:26.320577+00:00,19611.33,2.6,9944.341109,0.0
2022-07-05 16:20:27.320577+00:00,19615.295,0.01,6973.487172,0.898539822
2022-07-05 16:20:28.320577+00:00,19614.26,2.14,21.90324658,0.0
2022-07-05 16:20:29.320577+00:00,19614.885,2.15,9162.245684,113.859095
2022-07-05 16:20:30.320577+00:00,19615.28,2.6,154.9158334,304.5964865
2022-07-05 16:20:31.320577+00:00,19612.705,1.73,198.8069877,576.2693198
2022-07-05 16:20:32.320577+00:00,19612.125,0.01,0.0,0.0
2022-07-05 16:20:33.320577+00:00,19612.82,2.16,0.894107889,0.0
2022-07-05 16:20:34.320577+00:00,19612.405,3.11,0.0,0.0
2022-07-05 16:20:35.320577+00:00,19612.445,2.41,94.79671481,18.14575861
2022-07-05 16:20:36.320577+00:00,19616.75,3.18,5039.712415,7.129858779
2022-07-05 16:20:37.320577+00:00,19617.965,0.01,6179.279756,88713.9688
2022-07-05 16:20:38.320577+00:00,19617.965,0.01,47.78525515,0.0
2022-07-05 16:20:39.320577+00:00,19613.615,0.01,0.0,11882.17443
2022-07-05 16:20:40.320577+00:00,19611.58,2.56,0.0,34483.2425
2022-07-05 16:20:41.320577+00:00,19611.81,3.02,0.0,39.22573
2022-07-05 16:20:42.320577+00:00,19611.81,2.7,1382.542737,0.0
2022-07-05 16:20:43.320577+00:00,19618.935,0.01,161.8204964,0.0
2022-07-05 16:20:44.320577+00:00,19618.185,2.93,19.86456345,26.2893662
2022-07-05 16:20:45.320577+00:00,19614.095,0.01,9.178459985,1457.970086
2022-07-05 16:20:46.320577+00:00,19613.715,0.01,1586.062011,11866.52092
2022-07-05 16:20:47.320577+00:00,19611.615,0.23,971.456139,31491.33252
2022-07-05 16:20:48.320577+00:00,19611.275,0.01,884.4926065,417.6005492
2022-07-05 16:20:49.320577+00:00,19610.37,1.0,55.28251666,6.441331845
2022-07-05 16:20:50.320577+00:00,19610.795,0.01,23.38980116,0.0
2022-07-05 16:20:51.320577+00:00,19610.795,0.01,5.707919448,0.0
2022-07-05 16:20:52.320577+00:00,19609.335,0.01,535.8999922,15170.68193
2022-07-05 16:20:53.320577+00:00,19609.335,0.01,33.18410171,0.0
2022-07-05 16:20:54.320577+00:00,19612.995,0.01,1578.404041,5.6877671
2022-07-05 16:20:55.320577+00:00,19606.765,2.93,94.70901957,11925.44439
2022-07-05 16:20:56.320577+00:00,19605.05,2.62,99.45842909,4992.921156
2022-07-05 16:20:57.320577+00:00,19603.615,0.01,27531.0651,0.0
2022-07-05 16:20:58.320577+00:00,19603.615,0.01,0.0,0.0
2022-07-05 16:20:59.320577+00:00,19603.615,0.01,0.0,0.0
2022-07-05 16:21:00.320577+00:00,19603.625,0.01,4164.652105,0.0
2022-07-05 16:21:01.320577+00:00,19599.64,0.18,0.0,571.4131612
2022-07-05 16:21:02.320577+00:00,19603.625,0.01,2340.323755,0.0
2022-07-05 16:21:03.320577+00:00,19605.515,0.01,20574.96969,3.92138
2022-07-05 16:21:04.320577+00:00,19606.055,2.91,362.70212,0.0
2022-07-05 16:21:05.320577+00:00,19604.325,0.01,1762.804713,0.0
2022-07-05 16:21:06.320577+00:00,19604.325,0.01,8766.575678,0.0
2022-07-05 16:21:07.320577+00:00,19609.225,0.41,5918.936747,4595.582851
2022-07-05 16:21:08.320577+00:00,19599.335,0.15,102.5799626,26979.18127
2022-07-05 16:21:09.320577+00:00,19596.275,0.01,1004.273286,275.1761068
2022-07-05 16:21:10.320577+00:00,19603.41,2.36,28106.15367,3.921058
2022-07-05 16:21:11.320577+00:00,19598.99,4.02,2.954841658,335.9606948
2022-07-05 16:21:12.320577+00:00,19596.6,2.12,891.9043173,6998.708714
2022-07-05 16:21:13.320577+00:00,19590.735,0.01,155.7853938,2357.013028
2022-07-05 16:21:14.320577+00:00,19588.095,0.01,219.5297929,39.18146
2022-07-05 16:21:15.320577+00:00,19588.095,0.01,14.07933864,1635.017872
2022-07-05 16:21:16.320577+00:00,19588.095,0.01,445.5356439,0.0
2022-07-05 16:21:17.320577+00:00,19586.05,1.82,1291.118658,105.1943993
2022-07-05 16:21:18.320577+00:00,19584.48,3.1,1.043593229,0.0
2022-07-05 16:21:19.320577+00:00,19582.775,1.23,0.0,161.8756942
2022-07-05 16:21:20.320577+00:00,19591.01,2.32,68783.9964,1080.792458
2022-07-05 16:21:21.320577+00:00,19584.595,0.01,4193.175308,491.2053257
2022-07-05 16:21:22.320577+00:00,19584.595,0.01,31.59211411,0.0
2022-07-05 16:21:23.320577+00:00,19584.555,0.01,277.0109273,47.73753647
2022-07-05 16:21:24.320577+00:00,19592.34,2.1,15946.72491,1823.292241
2022-07-05 16:21:25.320577+00:00,19597.095,0.01,17952.61043,0.0
2022-07-05 16:21:26.320577+00:00,19597.925,2.63,7893.80549,143.2809139
2022-07-05 16:21:27.320577+00:00,19595.48,4.0,342.9029457,146.8526466
2022-07-05 16:21:28.320577+00:00,19593.785,2.73,108.2020428,0.0
2022-07-05 16:21:29.320577+00:00,19592.845,0.01,309.9390061,0.0
2022-07-05 16:21:30.320577+00:00,19591.645,2.31,0.0,242.8324834
2022-07-05 16:21:31.320577+00:00,19590.515,0.01,0.994520884,304.853712
2022-07-05 16:21:32.320577+00:00,19588.76,3.44,2453.932572,1541.45502
2022-07-05 16:21:33.320577+00:00,19589.715,0.01,490.0500234,6.2687072
2022-07-05 16:21:34.320577+00:00,19586.195,2.41,166.9540552,150.9208476
2022-07-05 16:21:35.320577+00:00,19584.83,4.14,0.0,0.0
2022-07-05 16:21:36.320577+00:00,19586.805,0.01,25308.33662,4.309096
2022-07-05 16:21:37.320577+00:00,19587.115,0.01,70610.6303,0.0
2022-07-05 16:21:38.320577+00:00,19587.02,0.32,19894.00782,3.918126
2022-07-05 16:21:39.320577+00:00,19590.805,0.03,6274.737232,0.0
2022-07-05 16:21:40.320577+00:00,19591.265,4.13,0.0,0.0
2022-07-05 16:21:41.320577+00:00,19591.415,4.43,0.0,0.0
2022-07-05 16:21:42.320577+00:00,19591.365,3.65,245.2121581,0.0
2022-07-05 16:21:43.320577+00:00,19591.365,3.65,245.2121581,0.0
2022-07-05 16:21:44.320577+00:00,19591.365,3.65,245.2121581,0.0
2022-07-05 16:21:45.320577+00:00,19591.365,3.65,245.2121581,0.0
2022-07-05 16:21:46.320577+00:00,19591.365,3.65,245.2121581,0.0
2022-07-05 16:21:47.320577+00:00,19591.365,3.65,245.2121581,0.0
2022-07-05 16:21:48.320577+00:00,19591.365,3.65,245.2121581,0.0
2022-07-05 16:21:49.320577+00:00,19591.365,3.65,245.2121581,0.0
2022-07-05 16:21:50.320577+00:00,19589.805,3.77,21445.06936,27780.55391
2022-07-05 16:21:51.320577+00:00,19590.945,2.47,790.6866724,24003.13969
2022-07-05 16:21:52.320577+00:00,19587.91,2.8,2700.326653,0.0
2022-07-05 16:21:53.320577+00:00,19587.265,1.97,0.0,3143.760538
2022-07-05 16:21:54.320577+00:00,19587.115,3.37,473.5425558,0.0
2022-07-05 16:21:55.320577+00:00,19581.785,3.53,0.0,270.5909545
2022-07-05 16:21:56.320577+00:00,19583.635,0.01,1840.086362,0.0
2022-07-05 16:21:57.320577+00:00,19583.635,0.01,681.7652593,25.95457651
2022-07-05 16:21:58.320577+00:00,19583.635,0.01,0.0,0.0
2022-07-05 16:21:59.320577+00:00,19583.635,0.01,11070.12408,0.0
2022-07-05 16:22:00.320577+00:00,19581.525,1.09,1175.214824,1096.68328
2022-07-05 16:22:01.320577+00:00,19585.595,0.01,6833.735682,4360.95192
2022-07-05 16:22:02.320577+00:00,19585.595,0.01,96.88369581,0.0
2022-07-05 16:22:03.320577+00:00,19585.975,0.01,12699.86783,3.917758
2022-07-05 16:22:04.320577+00:00,19589.965,0.01,29659.99211,5546.870988
2022-07-05 16:22:05.320577+00:00,19590.34,2.22,0.0,50.01887616
2022-07-05 16:22:06.320577+00:00,19592.175,0.01,1047.75958,5.863348716
2022-07-05 16:22:07.320577+00:00,19593.495,1.99,126.3967235,90.59094356
2022-07-05 16:22:08.320577+00:00,19592.765,0.01,0.0,0.0
2022-07-05 16:22:09.320577+00:00,19591.695,2.01,0.0,0.0
2022-07-05 16:22:10.320577+00:00,19596.29,2.7,399.5978565,0.0
2022-07-05 16:22:11.320577+00:00,19594.415,2.57,0.0,0.0
2022-07-05 16:22:12.320577+00:00,19594.555,1.01,246.0789785,0.0
2022-07-05 16:22:13.320577+00:00,19595.055,0.01,9.184391198,0.0
2022-07-05 16:22:14.320577+00:00,19595.045,0.01,139.1957676,0.0
2022-07-05 16:22:15.320577+00:00,19599.145,2.03,221.911484,3.919598
2022-07-05 16:22:16.320577+00:00,19600.865,1.83,5.530214671,1312.712657
2022-07-05 16:22:17.320577+00:00,19600.975,1.19,0.0,495.7025137
2022-07-05 16:22:18.320577+00:00,19602.275,2.49,1700.100233,25.0075821
2022-07-05 16:22:19.320577+00:00,19600.235,0.01,47.81945533,0.0
2022-07-05 16:22:20.320577+00:00,19595.7,3.44,447.128385,16109.7033
2022-07-05 16:22:21.320577+00:00,19596.995,0.01,0.0,0.0
2022-07-05 16:22:22.320577+00:00,19596.95,3.16,287.0864475,0.17735276
2022-07-05 16:22:23.320577+00:00,19596.545,0.47,156.6098662,0.0
2022-07-05 16:22:24.320577+00:00,19596.2,2.34,220.6353833,101.8271885
2022-07-05 16:22:25.320577+00:00,19596.055,0.01,2016.434338,0.0
2022-07-05 16:22:26.320577+00:00,19595.02,2.18,0.0,235.9098663
2022-07-05 16:22:27.320577+00:00,19590.955,1.83,0.0,1273.151961
2022-07-05 16:22:28.320577+00:00,19592.635,1.13,191.6662447,0.0
2022-07-05 16:22:29.320577+00:00,19594.465,3.01,16.31334728,9371.425118
2022-07-05 16:22:30.320577+00:00,19594.005,2.29,169.3063088,0.0
2022-07-05 16:22:31.320577+00:00,19595.505,0.87,33.84866211,0.0
2022-07-05 16:22:32.320577+00:00,19600.895,0.01,9143.386737,1544.941394
2022-07-05 16:22:33.320577+00:00,19602.115,2.09,149.2858852,3711.414801
2022-07-05 16:22:34.320577+00:00,19600.775,2.75,160.2195691,0.0
2022-07-05 16:22:35.320577+00:00,19599.25,0.54,0.0,1852.311302
2022-07-05 16:22:36.320577+00:00,19599.515,0.01,0.0,0.0
2022-07-05 16:22:37.320577+00:00,19599.345,2.75,80.31236984,17391.95181
2022-07-05 16:22:38.320577+00:00,19599.165,2.15,3.970475311,12.01694245
2022-07-05 16:22:39.320577+00:00,19600.6,0.72,6535.848129,0.0
2022-07-05 16:22:40.320577+00:00,19601.005,2.33,199.4821954,3.92044
2022-07-05 16:22:41.320577+00:00,19597.205,2.01,23.94293717,0.0
2022-07-05 16:22:42.320577+00:00,19608.505,0.01,3266.181259,0.0
2022-07-05 16:22:43.320577+00:00,19614.15,4.06,342.7869334,526.838825
2022-07-05 16:22:44.320577+00:00,19606.295,0.01,20.83483024,52638.80381
2022-07-05 16:22:45.320577+00:00,19609.015,2.73,1476.677766,3131.039465
2022-07-05 16:22:46.320577+00:00,19608.665,0.65,0.0,1322.933229
2022-07-05 16:22:47.320577+00:00,19609.55,1.34,9.181694748,0.0
2022-07-05 16:22:48.320577+00:00,19609.725,2.59,3030.985004,120.4537049
2022-07-05 16:22:49.320577+00:00,19610.3,2.68,1.113568338,0.0
2022-07-05 16:22:50.320577+00:00,19610.705,2.37,46.06629947,0.0
2022-07-05 16:22:51.320577+00:00,19610.355,0.91,2986.49903,93.75334272
2022-07-05 16:22:52.320577+00:00,19606.705,0.01,147.1894805,2983.448647
2022-07-05 16:22:53.320577+00:00,19618.605,1.77,27302.99663,0.0
2022-07-05 16:22:54.320577+00:00,19614.655,3.01,207.9871945,670.3566882
2022-07-05 16:22:55.320577+00:00,19615.855,0.73,18.43334896,0.0
2022-07-05 16:22:56.320577+00:00,19614.455,0.01,38.73446204,276.273349
2022-07-05 16:22:57.320577+00:00,19614.455,0.01,6.023992955,236.3417654
2022-07-05 16:22:58.320577+00:00,19615.26,0.94,25.82839607,3607.343597
2022-07-05 16:22:59.320577+00:00,19617.475,2.79,1649.505753,3.923934
2022-07-05 16:23:00.320577+00:00,19619.11,3.46,570.8252348,15.08122645
2022-07-05 16:23:01.320577+00:00,19625.675,0.01,2947.820417,0.0
2022-07-05 16:23:02.320577+00:00,19629.84,3.58,146.224143,3385.40278
2022-07-05 16:23:03.320577+00:00,19622.42,1.98,163.1751837,32621.36386
2022-07-05 16:23:04.320577+00:00,19622.245,0.17,1149.299129,445.1241069
2022-07-05 16:23:05.320577+00:00,19622.155,0.01,66443.66458,11729.80178
2022-07-05 16:23:06.320577+00:00,19620.345,0.01,8579.32432,3.925036
2022-07-05 16:23:07.320577+00:00,19623.475,0.01,19843.35898,3.925012
2022-07-05 16:23:08.320577+00:00,19627.5,0.1,297.219543,0.0
2022-07-05 16:23:09.320577+00:00,19627.405,2.69,248.8993532,0.0
2022-07-05 16:23:10.320577+00:00,19627.105,1.85,5.97439655,106.4916527
2022-07-05 16:23:11.320577+00:00,19628.44,2.3,27.88803703,0.755835
2022-07-05 16:23:12.320577+00:00,19629.78,0.24,0.0,1.5703664
2022-07-05 16:23:13.320577+00:00,19632.775,0.19,4798.33471,0.0
2022-07-05 16:23:14.320577+00:00,19633.475,0.01,445.4385251,185.5679156
2022-07-05 16:23:15.320577+00:00,19632.41,2.14,6.64360088,234.2903205
2022-07-05 16:23:16.320577+00:00,19632.615,0.01,71.42765075,0.0
2022-07-05 16:23:17.320577+00:00,19625.11,2.16,519.5195479,22697.1176
2022-07-05 16:23:18.320577+00:00,19629.87,0.24,94910.03428,275.2149048
2022-07-05 16:23:19.320577+00:00,19633.475,0.01,134.276751,61.74278773
2022-07-05 16:23:20.320577+00:00,19645.265,6.55,202570.6022,0.0
2022-07-05 16:23:21.320577+00:00,19652.885,0.01,29321.02241,1961.688968
2022-07-05 16:23:22.320577+00:00,19654.315,1.57,2218.082827,48232.60765
2022-07-05 16:23:23.320577+00:00,19652.26,4.26,5964.333475,50186.09937
2022-07-05 16:23:24.320577+00:00,19676.435,8.97,122757.6376,33821.32212
2022-07-05 16:23:25.320577+00:00,19665.385,0.01,58.91400536,35001.20445
2022-07-05 16:23:26.320577+00:00,19661.995,5.51,53695.62832,51863.13118
2022-07-05 16:23:27.320577+00:00,19669.985,1.57,48269.08389,16291.3314
2022-07-05 16:23:28.320577+00:00,19661.125,2.85,1068.369298,4749.242864
2022-07-05 16:23:29.320577+00:00,19666.085,3.41,4666.244509,10184.78425
2022-07-05 16:23:30.320577+00:00,19662.855,0.01,19747.47298,25546.96849
2022-07-05 16:23:31.320577+00:00,19662.355,0.03,3024.624609,16107.36645
2022-07-05 16:23:32.320577+00:00,19659.895,0.01,5858.587422,1670.541772
2022-07-05 16:23:33.320577+00:00,19660.19,2.66,15347.71079,3.93327
2022-07-05 16:23:34.320577+00:00,19648.415,0.01,70.4914527,50874.37267
2022-07-05 16:23:35.320577+00:00,19648.415,0.01,70.4914527,50874.37267
2022-07-05 16:23:36.320577+00:00,19648.415,0.01,70.4914527,50874.37267
2022-07-05 16:23:37.320577+00:00,19648.415,0.01,70.4914527,50874.37267
2022-07-05 16:23:38.320577+00:00,19648.415,0.01,70.4914527,50874.37267
2022-07-05 16:23:39.320577+00:00,19648.415,0.01,70.4914527,50874.37267
2022-07-05 16:23:40.320577+00:00,19648.415,0.01,70.4914527,50874.37267
2022-07-05 16:23:41.320577+00:00,19648.415,0.01,70.4914527,50874.37267
2022-07-05 16:23:42.320577+00:00,19660.53,2.48,40671.86352,7.936329938
2022-07-05 16:23:43.320577+00:00,19644.155,4.07,50580.03672,37933.35548
2022-07-05 16:23:44.320577+00:00,19644.715,2.89,53.4193509,29880.71746
2022-07-05 16:23:45.320577+00:00,19641.145,0.01,16.15209747,95003.28969
2022-07-05 16:23:46.320577+00:00,19642.445,3.15,163.7818666,18781.36888
2022-07-05 16:23:47.320577+00:00,19643.475,4.21,234.5921548,1158.840939
2022-07-05 16:23:48.320577+00:00,19644.505,3.35,37951.34907,1158.84083
2022-07-05 16:23:49.320577+00:00,19644.63,3.0,225.7040493,1964.50005
2022-07-05 16:23:50.320577+00:00,19642.92,2.6,463.4314352,0.0
2022-07-05 16:23:51.320577+00:00,19638.685,0.01,229.8996906,1003.804797
2022-07-05 16:23:52.320577+00:00,19639.71,2.06,0.0,0.0
2022-07-05 16:23:53.320577+00:00,19638.805,0.01,152.9828967,3.086622337
2022-07-05 16:23:54.320577+00:00,19638.845,0.09,0.0,160.8862348
2022-07-05 16:23:55.320577+00:00,19644.625,2.27,10055.89471,0.0
2022-07-05 16:23:56.320577+00:00,19643.465,2.89,0.0,3929.0
2022-07-05 16:23:57.320577+00:00,19652.42,1.8,12017.63483,19642.40714
2022-07-05 16:23:58.320577+00:00,19655.925,4.19,215.1345842,0.0
2022-07-05 16:23:59.320577+00:00,19661.935,0.63,1056.700359,0.0
2022-07-05 16:24:00.320577+00:00,19657.815,0.01,4.091229344,59599.88231
2022-07-05 16:24:01.320577+00:00,19656.005,2.83,0.0,2181.64819
2022-07-05 16:24:02.320577+00:00,19645.585,0.01,602.881231,54038.77934
2022-07-05 16:24:03.320577+00:00,19646.575,2.87,1.74867378,18298.58548
2022-07-05 16:24:04.320577+00:00,19646.035,4.05,93.26345953,1844.471173
2022-07-05 16:24:05.320577+00:00,19642.635,0.01,223.6681871,7253.653518
2022-07-05 16:24:06.320577+00:00,19642.865,4.51,999.3095647,196.4259036
2022-07-05 16:24:07.320577+00:00,19641.675,2.07,0.0,9.722097
2022-07-05 16:24:08.320577+00:00,19642.315,3.09,465.8645338,0.0
2022-07-05 16:24:09.320577+00:00,19645.205,0.01,48957.12979,131.9039118
2022-07-05 16:24:10.320577+00:00,19651.565,3.23,1390.901607,9.998620992
2022-07-05 16:24:11.320577+00:00,19652.33,3.3,201.2731796,2100.455507
2022-07-05 16:24:12.320577+00:00,19652.135,2.17,47.89115803,13.87840575
2022-07-05 16:24:13.320577+00:00,19649.135,0.01,96.55823504,956.4424787
2022-07-05 16:24:14.320577+00:00,19645.825,2.29,0.0,12556.78036
2022-07-05 16:24:15.320577+00:00,19645.385,0.01,49.73567177,1065.874216
2022-07-05 16:24:16.320577+00:00,19649.86,4.42,15499.38022,210.4892453
2022-07-05 16:24:17.320577+00:00,19649.455,2.59,402.1475034,170.7792926
2022-07-05 16:24:18.320577+00:00,19649.365,0.01,386.8390364,19014.71507
2022-07-05 16:24:19.320577+00:00,19642.755,0.01,10380.76999,560.7495583
2022-07-05 16:24:20.320577+00:00,19645.445,0.01,1622.09654,0.0
2022-07-05 16:24:21.320577+00:00,19645.445,0.01,3614.672218,35.15844617
2022-07-05 16:24:22.320577+00:00,19638.295,0.29,1366.148414,65286.90015
2022-07-05 16:24:23.320577+00:00,19634.47,2.46,0.0,491.4281903
2022-07-05 16:24:24.320577+00:00,19636.28,4.3,3167.361125,2527.209665
2022-07-05 16:24:25.320577+00:00,19635.885,2.59,1788.415454,3922.813143
2022-07-05 16:24:26.320577+00:00,19641.47,2.54,8606.559553,0.0
2022-07-05 16:24:27.320577+00:00,19635.815,0.01,1908.883677,12009.38928
2022-07-05 16:24:28.320577+00:00,19638.935,0.01,2385.194496,0.0
2022-07-05 16:24:29.320577+00:00,19642.41,0.92,2750.883657,1.74806858
2022-07-05 16:24:30.320577+00:00,19645.33,0.26,1986.986135,0.0
2022-07-05 16:24:31.320577+00:00,19645.645,2.33,6208.199606,7446.085384
2022-07-05 16:24:32.320577+00:00,19640.035,0.01,1178.40082,3.928812
2022-07-05 16:24:33.320577+00:00,19643.52,3.18,3150.804338,0.0
2022-07-05 16:24:34.320577+00:00,19641.355,1.29,0.0,0.0
2022-07-05 16:24:35.320577+00:00,19646.44,0.04,11979.37128,3.92902
2022-07-05 16:24:36.320577+00:00,19641.805,0.03,998.2319764,59.3272356
2022-07-05 16:24:37.320577+00:00,19641.815,0.01,90.65544528,0.229023381
2022-07-05 16:24:38.320577+00:00,19643.81,4.0,1608.86987,564.9961162
2022-07-05 16:24:39.320577+00:00,19645.23,0.24,304.7227882,124.1030852
2022-07-05 16:24:40.320577+00:00,19648.825,2.27,1927.396307,26.71612497
2022-07-05 16:24:41.320577+00:00,19645.735,2.79,18.34398598,184.8847629
2022-07-05 16:24:42.320577+00:00,19645.085,3.19,4961.681766,302.7846755
2022-07-05 16:24:43.320577+00:00,19645.005,0.01,217.2793228,3.929488
2022-07-05 16:24:44.320577+00:00,19644.345,1.13,202.4550862,10.28740569
2022-07-05 16:24:45.320577+00:00,19646.765,0.01,7202.120932,0.0
2022-07-05 16:24:46.320577+00:00,19654.38,2.66,77597.36758,4053.862666
2022-07-05 16:24:47.320577+00:00,19653.285,1.13,74.29325476,41.13766424
2022-07-05 16:24:48.320577+00:00,19653.365,0.93,2580.455413,0.0
2022-07-05 16:24:49.320577+00:00,19651.855,0.01,591.1955706,779.8711143
2022-07-05 16:24:50.320577+00:00,19651.855,0.01,1026.622403,0.0
2022-07-05 16:24:51.320577+00:00,19651.855,0.01,0.0,0.0
2022-07-05 16:24:52.320577+00:00,19659.02,2.94,5495.647823,500.3921069
2022-07-05 16:24:53.320577+00:00,19667.75,2.82,28308.04985,3.932096
2022-07-05 16:24:54.320577+00:00,19665.935,1.57,559.0818956,2487.565532
2022-07-05 16:24:55.320577+00:00,19665.08,0.14,147025.0223,601.0746536
2022-07-05 16:24:56.320577+00:00,19669.24,1.46,3049.356027,2022.404014
2022-07-05 16:24:57.320577+00:00,19672.14,4.06,205.6549358,3101.804775
2022-07-05 16:24:58.320577+00:00,19677.27,3.12,851.810268,980.11269
2022-07-05 16:24:59.320577+00:00,19676.495,0.25,124.0814875,0.0
2022-07-05 16:25:00.320577+00:00,19669.15,2.5,2321.357598,14134.66349
2022-07-05 16:25:01.320577+00:00,19660.495,0.01,134.3993344,18882.40659
2022-07-05 16:25:02.320577+00:00,19661.365,1.47,6153.41637,147.710219
2022-07-05 16:25:03.320577+00:00,19662.79,0.06,1783.325878,1856.020143
2022-07-05 16:25:04.320577+00:00,19663.275,0.01,1431.239309,1175.530734
2022-07-05 16:25:05.320577+00:00,19662.795,0.01,7452.025967,0.0
2022-07-05 16:25:06.320577+00:00,19663.275,0.01,24737.65621,0.0
2022-07-05 16:25:07.320577+00:00,19663.275,0.01,8.969011906,0.86518388
2022-07-05 16:25:08.320577+00:00,19660.865,0.01,172.8876875,267.9631149
2022-07-05 16:25:09.320577+00:00,19662.785,0.01,3989.429908,7.0786008
2022-07-05 16:25:10.320577+00:00,19664.6,3.7,1955.899265,70.68005471
2022-07-05 16:25:11.320577+00:00,19666.945,1.27,3364.175686,5854.564164
2022-07-05 16:25:12.320577+00:00,19670.685,1.77,1436.811083,0.0
2022-07-05 16:25:13.320577+00:00,19674.06,2.7,991.6800618,21.97687206
2022-07-05 16:25:14.320577+00:00,19672.26,2.26,197.1668161,3563.976903
2022-07-05 16:25:15.320577+00:00,19669.475,0.01,18.42333414,502.1616531
2022-07-05 16:25:16.320577+00:00,19665.485,0.25,0.0,17709.59358
2022-07-05 16:25:17.320577+00:00,19665.485,0.01,4.318363542,0.0
2022-07-05 16:25:18.320577+00:00,19667.19,3.34,75.57900113,2055.334392
2022-07-05 16:25:19.320577+00:00,19667.135,2.05,3689.098664,0.0
2022-07-05 16:25:20.320577+00:00,19667.085,0.01,0.955230561,0.0
2022-07-05 16:25:21.320577+00:00,19667.085,0.01,75.51592214,0.0
2022-07-05 16:25:22.320577+00:00,19662.765,0.01,0.0,19477.47739
2022-07-05 16:25:23.320577+00:00,19662.765,0.01,0.0,19477.47739
2022-07-05 16:25:24.320577+00:00,19662.765,0.01,0.0,19477.47739
2022-07-05 16:25:25.320577+00:00,19662.765,0.01,0.0,19477.47739
2022-07-05 16:25:26.320577+00:00,19662.765,0.01,0.0,19477.47739
2022-07-05 16:25:27.320577+00:00,19662.765,0.01,0.0,19477.47739
2022-07-05 16:25:28.320577+00:00,19662.765,0.01,0.0,19477.47739
2022-07-05 16:25:29.320577+00:00,19662.765,0.01,0.0,19477.47739
2022-07-05 16:25:30.320577+00:00,19641.865,2.77,13020.33823,31494.96112
2022-07-05 16:25:31.320577+00:00,19652.84,0.16,21327.73405,934.419229
2022-07-05 16:25:32.320577+00:00,19652.015,0.01,923.663627,337.0862161
2022-07-05 16:25:33.320577+00:00,19649.05,0.48,0.0,18.0274503
2022-07-05 16:25:34.320577+00:00,19647.54,2.66,567.2117491,284.1836097
2022-07-05 16:25:35.320577+00:00,19643.56,2.76,130.1236959,21276.68751
2022-07-05 16:25:36.320577+00:00,19641.655,1.01,0.0,98.2109
2022-07-05 16:25:37.320577+00:00,19641.035,0.01,3844.959113,7.430390004
2022-07-05 16:25:38.320577+00:00,19640.965,0.01,166.5279325,3.015280179
2022-07-05 16:25:39.320577+00:00,19637.94,0.5,1098.809865,1584.143727
2022-07-05 16:25:40.320577+00:00,19640.885,0.31,2188.57223,53.35368621
2022-07-05 16:25:41.320577+00:00,19639.365,0.27,99.40344403,414.3144321
2022-07-05 16:25:42.320577+00:00,19639.835,3.11,2738.387876,0.0
2022-07-05 16:25:43.320577+00:00,19639.745,2.27,0.0,0.0
2022-07-05 16:25:44.320577+00:00,19640.875,0.01,664.5326103,0.0
2022-07-05 16:25:45.320577+00:00,19634.455,0.01,47.75835587,15036.13264
2022-07-05 16:25:46.320577+00:00,19633.15,5.12,3.755219729,6083.668614
2022-07-05 16:25:47.320577+00:00,19637.385,2.75,1551.192363,38.83302779
2022-07-05 16:25:48.320577+00:00,19639.575,0.01,117.7320255,99.98022193
2022-07-05 16:25:49.320577+00:00,19637.25,2.42,38.19793726,6.280341695
2022-07-05 16:25:50.320577+00:00,19634.58,2.84,450.3482086,104.8540405
2022-07-05 16:25:51.320577+00:00,19634.52,2.3,155.2107653,0.0
2022-07-05 16:25:52.320577+00:00,19630.455,0.01,2717.51297,17864.36653
2022-07-05 16:25:53.320577+00:00,19630.455,0.01,0.0,0.0
2022-07-05 16:25:54.320577+00:00,19630.455,0.01,3.3371782,1949.281306
2022-07-05 16:25:55.320577+00:00,19632.39,3.8,6426.147666,51.83571422
2022-07-05 16:25:56.320577+00:00,19640.86,3.56,11744.35863,0.0
2022-07-05 16:25:57.320577+00:00,19644.625,0.01,14.48094855,1896.619307
2022-07-05 16:25:58.320577+00:00,19644.755,3.95,1277.871633,109.9499519
2022-07-05 16:25:59.320577+00:00,19644.94,2.86,29.86565622,0.0
2022-07-05 16:26:00.320577+00:00,19645.15,2.0,493.964241,2311.890985
2022-07-05 16:26:01.320577+00:00,19649.365,0.01,206.7127053,188.3427285
2022-07-05 16:26:02.320577+00:00,19643.425,2.55,507.3306171,38.8412829
2022-07-05 16:26:03.320577+00:00,19644.245,0.01,206.6105329,0.0
2022-07-05 16:26:04.320577+00:00,19642.95,2.5,11706.90858,54468.64367
2022-07-05 16:26:05.320577+00:00,19642.075,2.15,3079.213708,3535.192921
2022-07-05 16:26:06.320577+00:00,19640.34,3.72,215.3934008,6554.583658
2022-07-05 16:26:07.320577+00:00,19638.695,0.01,73.41222671,1.899061323
2022-07-05 16:26:08.320577+00:00,19638.86,3.88,16395.34181,49.39105391
2022-07-05 16:26:09.320577+00:00,19639.825,3.77,0.0,0.0
2022-07-05 16:26:10.320577+00:00,19637.63,3.18,492.4370064,1274.183854
2022-07-05 16:26:11.320577+00:00,19639.265,0.01,121.6326462,0.0
2022-07-05 16:26:12.320577+00:00,19636.785,3.29,602.501235,3.927852
2022-07-05 16:26:13.320577+00:00,19635.985,3.51,7901.305371,0.0
2022-07-05 16:26:14.320577+00:00,19635.595,2.65,16232.71081,7.855362
2022-07-05 16:26:15.320577+00:00,19633.75,4.18,4.758033083,0.0
2022-07-05 16:26:16.320577+00:00,19632.98,0.22,148.8205978,340.1708178
2022-07-05 16:26:17.320577+00:00,19632.875,0.01,106.7453362,0.0
2022-07-05 16:26:18.320577+00:00,19632.875,0.01,24.85071052,0.0
2022-07-05 16:26:19.320577+00:00,19636.11,1.92,47.57088374,955.4449781
2022-07-05 16:26:20.320577+00:00,19634.445,0.01,7.536664371,4042.505817
2022-07-05 16:26:21.320577+00:00,19637.795,0.01,195.3637592,0.0
2022-07-05 16:26:22.320577+00:00,19638.255,2.53,78.41254352,0.0
2022-07-05 16:26:23.320577+00:00,19634.495,0.01,0.0,201.287782
2022-07-05 16:26:24.320577+00:00,19634.245,2.19,4.799662215,1364.518321
2022-07-05 16:26:25.320577+00:00,19633.585,0.01,23.39087012,0.0
2022-07-05 16:26:26.320577+00:00,19631.92,3.28,185.0609733,0.0
2022-07-05 16:26:27.320577+00:00,19633.525,0.01,434.8090138,0.0
2022-07-05 16:26:28.320577+00:00,19630.885,0.01,191.3802164,48.91312098
2022-07-05 16:26:29.320577+00:00,19634.52,2.36,450.4990539,59.39481354
2022-07-05 16:26:30.320577+00:00,19631.985,2.65,5.33933008,209.4017856
2022-07-05 16:26:31.320577+00:00,19633.06,2.88,684.7277624,0.0
2022-07-05 16:26:32.320577+00:00,19631.41,2.9,147.5263842,119.5572048
2022-07-05 16:26:33.320577+00:00,19628.715,0.01,337.2512009,1403.895865
2022-07-05 16:26:34.320577+00:00,19630.45,2.88,104.3734451,684.6855781
2022-07-05 16:26:35.320577+00:00,19630.43,2.2,19.63153,0.0
2022-07-05 16:26:36.320577+00:00,19627.01,1.36,4286.854628,412.0390927
2022-07-05 16:26:37.320577+00:00,19629.0,0.3,568.5192795,48.89782081
2022-07-05 16:26:38.320577+00:00,19629.49,4.04,0.0,0.0
2022-07-05 16:26:39.320577+00:00,19629.085,0.67,264.6927733,0.0
2022-07-05 16:26:40.320577+00:00,19631.2,2.84,4729.980282,0.0
2022-07-05 16:26:41.320577+00:00,19630.52,1.32,263.7024978,0.0
2022-07-05 16:26:42.320577+00:00,19629.845,2.33,4900.879764,88.19911814
2022-07-05 16:26:43.320577+00:00,19627.125,2.15,158.3872912,357.1640697
2022-07-05 16:26:44.320577+00:00,19625.4,2.64,20.85572468,2086.323643
2022-07-05 16:26:45.320577+00:00,19623.09,0.82,97.84199518,42.69002739
2022-07-05 16:26:46.320577+00:00,19622.795,0.01,51.72439161,0.0
2022-07-05 16:26:47.320577+00:00,19621.7,2.2,6.521903735,37.9945994
2022-07-05 16:26:48.320577+00:00,19620.815,3.09,107.9054852,103.182675
2022-07-05 16:26:49.320577+00:00,19619.505,0.01,587.5981032,86.98117335
2022-07-05 16:26:50.320577+00:00,19620.85,1.8,3640.585783,14.69534255
2022-07-05 16:26:51.320577+00:00,19623.62,1.66,8011.958601,831.803018
2022-07-05 16:26:52.320577+00:00,19622.365,0.01,80.38144041,157.5584566
2022-07-05 16:26:53.320577+00:00,19622.56,2.44,19622.37004,0.0
2022-07-05 16:26:54.320577+00:00,19621.49,2.86,228.1717522,0.0
2022-07-05 16:26:55.320577+00:00,19623.99,0.08,0.0,0.0
2022-07-05 16:26:56.320577+00:00,19625.225,0.01,1054.497637,259.5803142
2022-07-05 16:26:57.320577+00:00,19624.225,3.65,1702.051934,3.925044
2022-07-05 16:26:58.320577+00:00,19624.075,3.01,0.0,0.0
2022-07-05 16:26:59.320577+00:00,19622.92,0.42,100.6701327,6.205077545
2022-07-05 16:27:00.320577+00:00,19630.155,2.79,3664.781612,0.0
2022-07-05 16:27:01.320577+00:00,19610.625,4.23,18.41861169,147690.3491
2022-07-05 16:27:02.320577+00:00,19606.565,0.83,251.9659904,11451.49564
2022-07-05 16:27:03.320577+00:00,19598.505,3.11,362.9085445,23897.58877
2022-07-05 16:27:04.320577+00:00,19597.135,1.85,8700.472689,19588.0136
2022-07-05 16:27:05.320577+00:00,19598.21,0.32,7797.85037,40.82507061
2022-07-05 16:27:06.320577+00:00,19603.995,0.83,87563.8602,1366.124016
2022-07-05 16:27:07.320577+00:00,19598.125,0.01,28.59678176,18572.43491
2022-07-05 16:27:08.320577+00:00,19603.085,0.03,673.3231176,0.0
2022-07-05 16:27:09.320577+00:00,19611.45,0.86,11248.14157,0.0
2022-07-05 16:27:10.320577+00:00,19611.555,4.47,17.93190026,8526.993425
2022-07-05 16:27:11.320577+00:00,19610.29,2.96,191.1622791,0.0
2022-07-05 16:27:12.320577+00:00,19611.46,3.36,427.2949596,0.0
2022-07-05 16:27:13.320577+00:00,19611.1,1.5,0.0,0.0
2022-07-05 16:27:14.320577+00:00,19611.175,0.45,95.69970024,419.2774437
2022-07-05 16:27:15.320577+00:00,19616.5,1.76,8042.177523,0.0
2022-07-05 16:27:16.320577+00:00,19619.2,3.54,3.988257045,0.0
2022-07-05 16:27:17.320577+00:00,19620.71,2.32,3.992790065,59.465195
2022-07-05 16:27:18.320577+00:00,19625.985,2.75,5573.317586,168.6262888
2022-07-05 16:27:19.320577+00:00,19630.035,1.51,103.5231614,1180.095378
2022-07-05 16:27:20.320577+00:00,19631.42,2.16,495.0384904,0.0
2022-07-05 16:27:21.320577+00:00,19627.895,0.01,39.19620965,4957.018727
2022-07-05 16:27:22.320577+00:00,19624.735,0.01,48.96333381,12386.74223
2022-07-05 16:27:23.320577+00:00,19622.015,3.69,0.0,5707.756324
2022-07-05 16:27:24.320577+00:00,19622.015,3.69,0.0,5707.756324
2022-07-05 16:27:25.320577+00:00,19622.015,3.69,0.0,5707.756324
2022-07-05 16:27:26.320577+00:00,19622.015,3.69,0.0,5707.756324
2022-07-05 16:27:27.320577+00:00,19622.015,3.69,0.0,5707.756324
2022-07-05 16:27:28.320577+00:00,19622.015,3.69,0.0,5707.756324
2022-07-05 16:27:29.320577+00:00,19622.015,3.69,0.0,5707.756324
2022-07-05 16:27:30.320577+00:00,19622.015,3.69,0.0,5707.756324
2022-07-05 16:27:31.320577+00:00,19632.65,0.54,82673.23799,2809.733431
2022-07-05 16:27:32.320577+00:00,19634.5,1.18,1142.559533,4.1227998
2022-07-05 16:27:33.320577+00:00,19633.165,0.01,2256.619102,3.926632
2022-07-05 16:27:34.320577+00:00,19631.7,2.8,0.0,725.2440675
2022-07-05 16:27:35.320577+00:00,19636.745,2.87,12623.88389,74.59226874
2022-07-05 16:27:36.320577+00:00,19623.185,0.01,1665.322252,38249.30712
2022-07-05 16:27:37.320577+00:00,19627.395,0.11,105.2498785,4039.516768
2022-07-05 16:27:38.320577+00:00,19625.125,2.55,5.003383397,908.1133306
2022-07-05 16:27:39.320577+00:00,19624.32,2.64,0.0,0.0
2022-07-05 16:27:40.320577+00:00,19624.485,0.01,50.60285406,0.0
2022-07-05 16:27:41.320577+00:00,19625.365,1.71,4.085230083,420.7027845
2022-07-05 16:27:42.320577+00:00,19627.765,4.81,30560.68173,0.0
2022-07-05 16:27:43.320577+00:00,19625.325,0.89,0.0,0.872550175
2022-07-05 16:27:44.320577+00:00,19622.755,0.01,29.50240785,160.8858159
2022-07-05 16:27:45.320577+00:00,19625.525,1.09,4.679635805,0.0
2022-07-05 16:27:46.320577+00:00,19624.64,2.86,37.80228881,71.14344889
2022-07-05 16:27:47.320577+00:00,19620.955,0.01,496.9060054,3224.791909
2022-07-05 16:27:48.320577+00:00,19620.955,0.01,3.910653538,0.0
2022-07-05 16:27:49.320577+00:00,19620.955,0.01,33762.16573,0.0
2022-07-05 16:27:50.320577+00:00,19624.05,6.2,30006.69084,150.7269606
2022-07-05 16:27:51.320577+00:00,19629.995,3.93,380.5743897,204.0513566
2022-07-05 16:27:52.320577+00:00,19629.155,3.35,216.9122174,17.55908356
2022-07-05 16:27:53.320577+00:00,19627.76,3.32,87.58926884,0.0
2022-07-05 16:27:54.320577+00:00,19628.305,0.01,152.1707933,0.0
2022-07-05 16:27:55.320577+00:00,19628.55,3.64,5.795257408,3.92566
2022-07-05 16:27:56.320577+00:00,19630.155,0.01,0.163911836,0.0
2022-07-05 16:27:57.320577+00:00,19644.015,2.15,335792.9391,37.03308635
2022-07-05 16:27:58.320577+00:00,19638.755,0.01,2003.656279,34418.19919
2022-07-05 16:27:59.320577+00:00,19633.935,3.13,41.47952022,68763.86453
2022-07-05 16:28:00.320577+00:00,19634.155,3.71,3.874808358,199.412586
2022-07-05 16:28:01.320577+00:00,19635.195,3.63,2292.741414,0.0
2022-07-05 16:28:02.320577+00:00,19633.945,2.51,1183.072866,0.0
2022-07-05 16:28:03.320577+00:00,19631.62,1.76,2008.911583,0.0
2022-07-05 16:28:04.320577+00:00,19629.215,4.39,1963.060781,41809.93395
2022-07-05 16:28:05.320577+00:00,19627.19,4.1,2245.426956,132.9600009
2022-07-05 16:28:06.320577+00:00,19623.425,0.01,408.2814063,19.62526
2022-07-05 16:28:07.320577+00:00,19620.525,2.01,35.09992868,18374.34005
2022-07-05 16:28:08.320577+00:00,19624.405,0.91,7041.371502,2464.133531
2022-07-05 16:28:09.320577+00:00,19628.92,2.34,22045.74997,922.2648675
2022-07-05 16:28:10.320577+00:00,19626.855,0.01,105.1662441,12004.07523
2022-07-05 16:28:11.320577+00:00,19624.405,0.01,1491.053651,13174.76186
2022-07-05 16:28:12.320577+00:00,19624.395,0.01,124.1867356,0.0
2022-07-05 16:28:13.320577+00:00,19620.015,0.01,1976.805663,12216.3729
2022-07-05 16:28:14.320577+00:00,19619.36,0.5,55.83225505,0.0
2022-07-05 16:28:15.320577+00:00,19619.585,0.01,0.0,0.0
2022-07-05 16:28:16.320577+00:00,19617.515,0.01,0.0,0.0
2022-07-05 16:28:17.320577+00:00,19614.415,0.01,1135.903287,3.923502
2022-07-05 16:28:18.320577+00:00,19614.545,0.03,100.4583851,196.1455
2022-07-05 16:28:19.320577+00:00,19612.39,2.96,103.1093486,7171.01628
2022-07-05 16:28:20.320577+00:00,19609.695,0.01,195.7457903,0.0
2022-07-05 16:28:21.320577+00:00,19615.265,0.01,106574.3942,0.0
2022-07-05 16:28:22.320577+00:00,19615.265,0.01,1063.631163,137.6006004
2022-07-05 16:28:23.320577+00:00,19612.585,0.01,4917.736299,3.923052
2022-07-05 16:28:24.320577+00:00,19611.435,0.01,1988.272303,3.923044
2022-07-05 16:28:25.320577+00:00,19611.435,0.01,16858.10188,0.0
2022-07-05 16:28:26.320577+00:00,19612.215,1.35,33994.34262,13.01944969
2022-07-05 16:28:27.320577+00:00,19611.435,0.01,4971.603947,811.3261441
2022-07-05 16:28:28.320577+00:00,19609.1,2.94,537.7560789,5038.887831
2022-07-05 16:28:29.320577+00:00,19609.99,2.54,2607.170672,150.5725654
2022-07-05 16:28:30.320577+00:00,19603.51,8.84,39535.61352,191860.0978
2022-07-05 16:28:31.320577+00:00,19572.785,5.57,268.3106815,126653.7378
2022-07-05 16:28:32.320577+00:00,19577.86,1.98,33342.60669,26462.72878
2022-07-05 16:28:33.320577+00:00,19579.485,1.21,7626.514261,44490.64976
2022-07-05 16:28:34.320577+00:00,19580.75,0.82,554.9445131,11857.48536
2022-07-05 16:28:35.320577+00:00,19585.39,2.58,17084.49968,0.0
2022-07-05 16:28:36.320577+00:00,19584.285,0.01,0.0,2347.008224
2022-07-05 16:28:37.320577+00:00,19587.59,1.56,43268.02563,14357.03934
2022-07-05 16:28:38.320577+00:00,19587.67,1.4,2.287909936,0.31338896
2022-07-05 16:28:39.320577+00:00,19587.275,0.01,98.94105275,0.0
2022-07-05 16:28:40.320577+00:00,19588.06,1.06,12.68886346,6405.506122
2022-07-05 16:28:41.320577+00:00,19591.72,5.0,30479.35892,36903.30847
2022-07-05 16:28:42.320577+00:00,19583.0,2.54,921.0510134,37979.55171
2022-07-05 16:28:43.320577+00:00,19586.145,3.93,679.9652344,5.888224445
2022-07-05 16:28:44.320577+00:00,19583.995,0.01,598.325007,1175.063391
2022-07-05 16:28:45.320577+00:00,19587.39,1.1,3069.155286,21603.48367
2022-07-05 16:28:46.320577+00:00,19585.505,2.69,2175.063748,1166.670102
2022-07-05 16:28:47.320577+00:00,19573.69,4.96,10771.45898,52272.84853
2022-07-05 16:28:48.320577+00:00,19576.225,0.01,1893.383503,0.0
2022-07-05 16:28:49.320577+00:00,19578.63,2.18,142.0239826,577.7455025
2022-07-05 16:28:50.320577+00:00,19578.415,1.15,9955.490481,216.0849442
2022-07-05 16:28:51.320577+00:00,19572.96,0.82,106.202653,1807.107176
2022-07-05 16:28:52.320577+00:00,19576.755,3.21,14209.94423,1715.452868
2022-07-05 16:28:53.320577+00:00,19576.83,2.58,1.566057818,0.0
2022-07-05 16:28:54.320577+00:00,19576.505,1.95,3333.492276,0.0
2022-07-05 16:28:55.320577+00:00,19575.535,0.01,31.75084338,0.0
2022-07-05 16:28:56.320577+00:00,19580.885,2.65,1006.744816,0.0
2022-07-05 16:28:57.320577+00:00,19584.03,3.66,573.544528,1173.675378
2022-07-05 16:28:58.320577+00:00,19583.415,0.01,62.87333667,352.3605953
2022-07-05 16:28:59.320577+00:00,19580.875,0.01,149.1959066,3.162027311
2022-07-05 16:29:00.320577+00:00,19583.695,2.47,49.66384636,0.0
2022-07-05 16:29:01.320577+00:00,19579.975,1.09,3.915594,23089.83258
2022-07-05 16:29:02.320577+00:00,19582.705,0.01,562.1442219,7.049772
2022-07-05 16:29:03.320577+00:00,19584.195,0.01,959.1575949,0.0
2022-07-05 16:29:04.320577+00:00,19588.26,3.86,979.2535,0.0
2022-07-05 16:29:05.320577+00:00,19589.775,3.39,21600.24176,0.0
2022-07-05 16:29:06.320577+00:00,19590.52,2.3,12747.72626,7.412901122
2022-07-05 16:29:07.320577+00:00,19592.035,3.51,47.78807405,0.0
2022-07-05 16:29:08.320577+00:00,19592.45,2.58,3.992232675,81.17174474
2022-07-05 16:29:09.320577+00:00,19589.0,0.64,223.6578858,27259.35105
2022-07-05 16:29:10.320577+00:00,19586.215,0.01,110.059475,23954.08379
2022-07-05 16:29:11.320577+00:00,19587.45,1.8,8.71763066,122.5101767
2022-07-05 16:29:12.320577+00:00,19596.905,0.15,120176.572,0.0
2022-07-05 16:29:13.320577+00:00,19594.255,1.01,49.9603757,18019.66068
2022-07-05 16:29:14.320577+00:00,19595.045,0.51,756.7572098,8435.061166
2022-07-05 16:29:15.320577+00:00,19588.345,0.01,4060.749894,28255.48035
2022-07-05 16:29:16.320577+00:00,19594.74,2.5,284080.7331,30669.97606
2022-07-05 16:29:17.320577+00:00,19596.005,2.43,64.77196693,19573.61869
2022-07-05 16:29:18.320577+00:00,19596.09,2.28,0.0,0.0
2022-07-05 16:29:19.320577+00:00,19596.09,2.28,0.0,0.0
2022-07-05 16:29:20.320577+00:00,19596.09,2.28,0.0,0.0
2022-07-05 16:29:21.320577+00:00,19596.09,2.28,0.0,0.0
2022-07-05 16:29:22.320577+00:00,19596.09,2.28,0.0,0.0
2022-07-05 16:29:23.320577+00:00,19596.09,2.28,0.0,0.0
2022-07-05 16:29:24.320577+00:00,19596.09,2.28,0.0,0.0
2022-07-05 16:29:25.320577+00:00,19596.09,2.28,0.0,0.0
2022-07-05 16:29:26.320577+00:00,19593.805,2.05,3529.128878,48933.92644
2022-07-05 16:29:27.320577+00:00,19594.58,0.02,0.0,15.68361358
2022-07-05 16:29:28.320577+00:00,19596.865,3.11,593.6310021,0.0
2022-07-05 16:29:29.320577+00:00,19595.5,2.2,0.0,1005.319335
2022-07-05 16:29:30.320577+00:00,19596.615,0.01,741.7151136,125.2860118
2022-07-05 16:29:31.320577+00:00,19594.585,0.01,21.12577285,0.0
2022-07-05 16:29:32.320577+00:00,19596.27,0.92,2426.050235,0.0
2022-07-05 16:29:33.320577+00:00,19598.295,0.01,65.73816052,2470.934161
2022-07-05 16:29:34.320577+00:00,19599.45,2.22,463.3538156,0.0
2022-07-05 16:29:35.320577+00:00,19600.51,0.6,0.0,0.0
2022-07-05 16:29:36.320577+00:00,19603.69,1.42,322.9916141,15.35572757
2022-07-05 16:29:37.320577+00:00,19602.5,1.0,203.5055955,0.0
2022-07-05 16:29:38.320577+00:00,19601.285,1.51,225.6754777,260.0423339
2022-07-05 16:29:39.320577+00:00,19600.965,0.01,1216.979922,3.920396
2022-07-05 16:29:40.320577+00:00,19601.54,0.98,100.5834559,5706.25645
2022-07-05 16:29:41.320577+00:00,19596.505,5.37,34.86226234,19546.36477
2022-07-05 16:29:42.320577+00:00,19598.535,0.01,1865.948078,0.0
2022-07-05 16:29:43.320577+00:00,19598.395,2.83,2440.437852,0.0
2022-07-05 16:29:44.320577+00:00,19593.82,1.58,314.1348724,676.2242008
2022-07-05 16:29:45.320577+00:00,19596.745,2.77,450.3551901,49.9771172
2022-07-05 16:29:46.320577+00:00,19598.075,0.01,7376.56331,61.18423163
2022-07-05 16:29:47.320577+00:00,19595.885,1.49,0.0,0.0
2022-07-05 16:29:48.320577+00:00,19594.84,0.38,261.6190337,524.5084474
2022-07-05 16:29:49.320577+00:00,19598.715,0.01,2441.056448,0.0
2022-07-05 16:29:50.320577+00:00,19598.725,0.01,520.9176805,0.0
2022-07-05 16:29:51.320577+00:00,19599.37,1.3,4056.216049,3.920206
2022-07-05 16:29:52.320577+00:00,19602.345,0.73,4282.073976,104.7359513
2022-07-05 16:29:53.320577+00:00,19602.35,2.64,18.41731226,0.0
2022-07-05 16:29:54.320577+00:00,19604.555,3.87,13.76789562,6032.928573
2022-07-05 16:29:55.320577+00:00,19606.975,0.25,97.33896845,0.0
2022-07-05 16:29:56.320577+00:00,19605.23,2.88,29861.09362,396.3354837
2022-07-05 16:29:57.320577+00:00,19604.55,3.06,525.5965631,558.552044
2022-07-05 16:29:58.320577+00:00,19603.485,0.29,49.775274,0.0
2022-07-05 16:29:59.320577+00:00,19603.645,0.05,504.5065482,19602.87815
2022-07-05 16:30:00.320577+00:00,19601.335,0.01,4.7043216,5586.203883
2022-07-05 16:30:01.320577+00:00,19601.335,0.01,490.0335,0.0
2022-07-05 16:30:02.320577+00:00,19601.335,0.01,0.0,0.0
2022-07-05 16:30:03.320577+00:00,19601.97,1.22,451.2862113,4.54742614
2022-07-05 16:30:04.320577+00:00,19602.63,1.22,1186.663169,181.0262737
2022-07-05 16:30:05.320577+00:00,19600.005,0.01,481.0115332,30030.84942
2022-07-05 16:30:06.320577+00:00,19607.95,2.9,22199.77472,0.0
2022-07-05 16:30:07.320577+00:00,19607.22,2.82,0.0,91.91249328
2022-07-05 16:30:08.320577+00:00,19606.23,3.12,228.8457549,0.0
2022-07-05 16:30:09.320577+00:00,19606.425,2.69,222.803017,0.0
2022-07-05 16:30:10.320577+00:00,19608.455,0.01,307.8988178,3.921702
2022-07-05 16:30:11.320577+00:00,19616.01,0.56,40232.44784,0.0
2022-07-05 16:30:12.320577+00:00,19619.635,2.97,118050.71,652.6989558
2022-07-05 16:30:13.320577+00:00,19619.0,3.0,45.14977314,1364.538351
2022-07-05 16:30:14.320577+00:00,19617.005,0.01,101.2420942,15970.42736
2022-07-05 16:30:15.320577+00:00,19617.87,2.46,168.6397102,20627.5009
2022-07-05 16:30:16.320577+00:00,19614.985,0.01,1.759268453,1417.365494
2022-07-05 16:30:17.320577+00:00,19616.005,2.01,47.80416782,61.53222363
2022-07-05 16:30:18.320577+00:00,19614.985,0.01,0.0,44.31793485
2022-07-05 16:30:19.320577+00:00,19613.205,2.39,984.0359915,14197.32129
2022-07-05 16:30:20.320577+00:00,19613.815,0.99,108.9511306,899.0848247
2022-07-05 16:30:21.320577+00:00,19609.325,0.01,375.4238483,11885.59774
2022-07-05 16:30:22.320577+00:00,19610.78,2.92,0.0,0.0
2022-07-05 16:30:23.320577+00:00,19611.23,0.6,98.56242288,1960.923147
2022-07-05 16:30:24.320577+00:00,19609.78,2.1,6.470840821,420.4701283
2022-07-05 16:30:25.320577+00:00,19610.065,1.95,0.97724553,8.942333313
2022-07-05 16:30:26.320577+00:00,19609.48,0.02,42.60530312,117.657
2022-07-05 16:30:27.320577+00:00,19609.485,0.01,23.30411401,0.0
2022-07-05 16:30:28.320577+00:00,19610.985,0.01,15672.62041,981.4685918
2022-07-05 16:30:29.320577+00:00,19609.815,0.01,2.936745753,2287.438454
2022-07-05 16:30:30.320577+00:00,19610.985,0.01,3.921964,0.0
2022-07-05 16:30:31.320577+00:00,19610.975,0.01,27.37814193,1546.029159
2022-07-05 16:30:32.320577+00:00,19616.725,0.87,20802.23665,56.96600276
2022-07-05 16:30:33.320577+00:00,19616.285,0.01,0.0,45.7059557
2022-07-05 16:30:34.320577+00:00,19618.735,0.61,9032.537491,0.0
2022-07-05 16:30:35.320577+00:00,19615.9,1.08,0.0,49.6347544
2022-07-05 16:30:36.320577+00:00,19613.805,0.01,17.06937534,585.43513
2022-07-05 16:30:37.320577+00:00,19614.08,0.58,294.1781645,0.0
2022-07-05 16:30:38.320577+00:00,19611.52,1.56,406.7195842,272.1595223
2022-07-05 16:30:39.320577+00:00,19612.065,0.01,490.0597107,732.6318707
2022-07-05 16:30:40.320577+00:00,19614.44,0.9,73665.66344,0.0
2022-07-05 16:30:41.320577+00:00,19612.245,0.01,182.6056579,4467.933969
2022-07-05 16:30:42.320577+00:00,19613.02,1.56,0.0,0.0
2022-07-05 16:30:43.320577+00:00,19610.885,2.65,99.52017432,0.0
2022-07-05 16:30:44.320577+00:00,19607.345,0.01,840.817774,19403.43551
2022-07-05 16:30:45.320577+00:00,19604.795,0.01,0.0,1625.325122
2022-07-05 16:30:46.320577+00:00,19607.345,0.01,359.6169483,5.882202
2022-07-05 16:30:47.320577+00:00,19607.345,0.01,14.9445261,0.0
2022-07-05 16:30:48.320577+00:00,19607.165,0.01,979.3290767,0.031371744
2022-07-05 16:30:49.320577+00:00,19611.655,2.05,82487.4922,4.1182323
2022-07-05 16:30:50.320577+00:00,19609.805,0.01,127.3325337,113.4138594
2022-07-05 16:30:51.320577+00:00,19608.305,1.17,307.3505275,1.739585358
2022-07-05 16:30:52.320577+00:00,19609.905,1.27,894.6405371,0.0
2022-07-05 16:30:53.320577+00:00,19615.62,1.32,1063.167708,0.0
2022-07-05 16:30:54.320577+00:00,19622.305,1.39,15966.19443,0.0
2022-07-05 16:30:55.320577+00:00,19623.49,2.46,260.3768669,0.0
2022-07-05 16:30:56.320577+00:00,19621.565,0.01,0.069659023,19061.64771
2022-07-05 16:30:57.320577+00:00,19621.575,0.01,888.3030482,0.0
2022-07-05 16:30:58.320577+00:00,19614.675,1.77,60.23344361,48202.83682
2022-07-05 16:30:59.320577+00:00,19615.535,0.01,1145.842151,0.0
2022-07-05 16:31:00.320577+00:00,19618.76,2.06,93391.95079,0.0
2022-07-05 16:31:01.320577+00:00,19616.605,2.05,1520.834867,4003.369681
2022-07-05 16:31:02.320577+00:00,19615.535,0.01,71.66914243,12156.6092
2022-07-05 16:31:03.320577+00:00,19608.48,1.12,765.4353009,30252.76928
2022-07-05 16:31:04.320577+00:00,19608.42,3.68,0.0,0.0
2022-07-05 16:31:05.320577+00:00,19609.51,0.88,315.7386553,0.0
2022-07-05 16:31:06.320577+00:00,19612.49,0.84,22146.07159,0.0
2022-07-05 16:31:07.320577+00:00,19612.765,0.01,325.3775967,0.0
2022-07-05 16:31:08.320577+00:00,19612.935,0.01,510.1184756,214.0415311
2022-07-05 16:31:09.320577+00:00,19614.635,0.01,2792.619764,98.06465
2022-07-05 16:31:10.320577+00:00,19614.98,0.52,153.0441135,0.0
2022-07-05 16:31:11.320577+00:00,19615.055,0.01,0.0,0.0
2022-07-05 16:31:12.320577+00:00,19612.465,0.01,1464.198554,0.0
2022-07-05 16:31:13.320577+00:00,19611.17,0.78,1086.102261,12415.24513
2022-07-05 16:31:14.320577+00:00,19607.15,0.44,0.0,7136.705376
2022-07-05 16:31:15.320577+00:00,19604.885,0.01,5.614129539,11783.70932
2022-07-05 16:31:16.320577+00:00,19606.935,0.01,21677.13775,1420.77377
2022-07-05 16:31:17.320577+00:00,19606.935,0.01,47.7570159,4.642921024
2022-07-05 16:31:18.320577+00:00,19606.935,0.01,92.4659369,0.0
2022-07-05 16:31:19.320577+00:00,19605.695,2.47,244.9216596,188.8382642
2022-07-05 16:31:20.320577+00:00,19605.58,2.06,0.0,6809.599085
2022-07-05 16:31:21.320577+00:00,19605.775,0.01,0.0,60.75010523
2022-07-05 16:31:22.320577+00:00,19601.505,0.01,10.69844304,10962.21163
2022-07-05 16:31:23.320577+00:00,19603.755,0.71,4302.215793,16890.71066
2022-07-05 16:31:24.320577+00:00,19605.145,2.49,5224.115856,0.0
2022-07-05 16:31:25.320577+00:00,19606.595,0.01,513.185808,0.0
2022-07-05 16:31:26.320577+00:00,19603.135,2.11,0.0,469.1347766
2022-07-05 16:31:27.320577+00:00,19602.25,0.28,213.5701407,0.0
2022-07-05 16:31:28.320577+00:00,19602.465,2.71,9799.917313,0.0
2022-07-05 16:31:29.320577+00:00,19598.74,1.72,0.0,2318.833934
2022-07-05 16:31:30.320577+00:00,19595.145,3.17,1.02887884,2304.649801
2022-07-05 16:31:31.320577+00:00,19598.1,1.2,2783.520902,0.0
2022-07-05 16:31:32.320577+00:00,19601.73,0.62,360.4818127,0.0
2022-07-05 16:31:33.320577+00:00,19599.105,0.01,242.2173755,817.5667555
2022-07-05 16:31:34.320577+00:00,19599.105,0.01,0.0,214.2883012
2022-07-05 16:31:35.320577+00:00,19599.365,0.17,527.162443,0.0
2022-07-05 16:31:36.320577+00:00,19600.715,1.03,1474.781814,1702.35326
2022-07-05 16:31:37.320577+00:00,19600.635,0.01,0.0,0.0
2022-07-05 16:31:38.320577+00:00,19599.105,0.01,308.0256257,98.00315
2022-07-05 16:31:39.320577+00:00,19601.03,3.34,1999.671505,0.0
2022-07-05 16:31:40.320577+00:00,19600.06,1.22,4324.100927,18.44074782
2022-07-05 16:31:41.320577+00:00,19599.495,0.01,149.237134,151.1129766
2022-07-05 16:31:42.320577+00:00,19599.095,0.01,134.4190621,38.78307353
2022-07-05 16:31:43.320577+00:00,19595.505,0.01,71.64980181,23518.70338
2022-07-05 16:31:44.320577+00:00,19599.095,0.01,9421.46048,52.37562751
2022-07-05 16:31:45.320577+00:00,19596.49,0.94,88.57566021,12426.33577
2022-07-05 16:31:46.320577+00:00,19597.215,3.23,1244.623117,850.9127973
2022-07-05 16:31:47.320577+00:00,19596.05,2.36,0.397844069,0.0
2022-07-05 16:31:48.320577+00:00,19596.05,2.36,0.397844069,0.0
2022-07-05 16:31:49.320577+00:00,19596.05,2.36,0.397844069,0.0
2022-07-05 16:31:50.320577+00:00,19596.05,2.36,0.397844069,0.0
2022-07-05 16:31:51.320577+00:00,19596.05,2.36,0.397844069,0.0
2022-07-05 16:31:52.320577+00:00,19596.05,2.36,0.397844069,0.0
2022-07-05 16:31:53.320577+00:00,19596.05,2.36,0.397844069,0.0
2022-07-05 16:31:54.320577+00:00,19596.05,2.36,0.397844069,0.0
2022-07-05 16:31:55.320577+00:00,19598.675,0.01,4883.517772,3061.853924
2022-07-05 16:31:56.320577+00:00,19601.395,1.07,1166.247101,0.0
2022-07-05 16:31:57.320577+00:00,19606.23,2.6,29183.05303,4.09482193
2022-07-05 16:31:58.320577+00:00,19603.085,0.01,173.614835,12485.02444
2022-07-05 16:31:59.320577+00:00,19602.095,1.49,142.8373666,3.92092
2022-07-05 16:32:00.320577+00:00,19597.135,0.01,1.272230807,15123.69769
2022-07-05 16:32:01.320577+00:00,19598.43,1.64,0.0,550.7793136
2022-07-05 16:32:02.320577+00:00,19600.32,1.8,377.6656167,0.0
2022-07-05 16:32:03.320577+00:00,19600.25,0.1,99.51338305,0.0
2022-07-05 16:32:04.320577+00:00,19599.995,2.79,11.95540787,129.5221738
2022-07-05 16:32:05.320577+00:00,19600.015,2.17,0.0,252.283105
2022-07-05 16:32:06.320577+00:00,19596.975,2.63,243.7624607,94.14699303
2022-07-05 16:32:07.320577+00:00,19601.295,1.49,0.0,460.8716524
2022-07-05 16:32:08.320577+00:00,19601.77,2.2,260.8153574,0.0
2022-07-05 16:32:09.320577+00:00,19599.76,2.26,0.0,2.06241722
2022-07-05 16:32:10.320577+00:00,19599.375,1.97,1079.582,0.0
2022-07-05 16:32:11.320577+00:00,19598.51,0.04,3911.838786,284.9188261
2022-07-05 16:32:12.320577+00:00,19598.335,0.01,34.08191758,0.0
2022-07-05 16:32:13.320577+00:00,19602.745,0.01,115219.5999,2.229223593
2022-07-05 16:32:14.320577+00:00,19600.1,0.04,95.68768768,30.15511233
2022-07-05 16:32:15.320577+00:00,19601.475,2.41,91.26605113,397.7655065
2022-07-05 16:32:16.320577+00:00,19601.945,2.49,288.1187717,0.0
2022-07-05 16:32:17.320577+00:00,19602.035,2.25,0.0,2.048676661
2022-07-05 16:32:18.320577+00:00,19601.235,3.23,169.19873,3.920808
2022-07-05 16:32:19.320577+00:00,19604.245,3.03,35992.03103,0.0
2022-07-05 16:32:20.320577+00:00,19603.865,0.01,4998.093619,208.8577303
2022-07-05 16:32:21.320577+00:00,19606.555,0.01,2005.479049,0.0
2022-07-05 16:32:22.320577+00:00,19605.2,2.64,48.9422477,3.92131
2022-07-05 16:32:23.320577+00:00,19605.94,2.18,1103.246062,1009.069893
2022-07-05 16:32:24.320577+00:00,19605.125,2.23,2620.888371,3.655647042
2022-07-05 16:32:25.320577+00:00,19604.885,1.67,58.72529017,2398.069216
2022-07-05 16:32:26.320577+00:00,19608.35,0.7,525.0564218,4.145909177
2022-07-05 16:32:27.320577+00:00,19608.335,0.01,0.0,1522.101824
2022-07-05 16:32:28.320577+00:00,19609.28,0.68,36.48424495,0.0
2022-07-05 16:32:29.320577+00:00,19611.375,0.01,0.0,0.0
2022-07-05 16:32:30.320577+00:00,19612.865,2.17,13.44386565,0.0
2022-07-05 16:32:31.320577+00:00,19613.1,2.62,118.2845226,0.0
2022-07-05 16:32:32.320577+00:00,19610.885,2.53,580.889206,5130.748534
2022-07-05 16:32:33.320577+00:00,19610.175,0.01,422.960315,0.0
2022-07-05 16:32:34.320577+00:00,19609.705,3.31,12.78712832,5.12278822
2022-07-05 16:32:35.320577+00:00,19609.785,0.01,1623.99183,76.54163164
2022-07-05 16:32:36.320577+00:00,19607.405,0.01,157.5852529,3286.880279
2022-07-05 16:32:37.320577+00:00,19607.89,1.02,376.6084515,0.0
2022-07-05 16:32:38.320577+00:00,19608.19,2.24,3.920896,344.2475374
2022-07-05 16:32:39.320577+00:00,19607.395,2.27,0.0,1.005062509
2022-07-05 16:32:40.320577+00:00,19607.59,2.04,107.483854,308.1241612
2022-07-05 16:32:41.320577+00:00,19608.395,0.01,409.8297548,0.0
2022-07-05 16:32:42.320577+00:00,19610.875,0.01,681.1525565,0.0
2022-07-05 16:32:43.320577+00:00,19610.945,0.01,694.9822843,0.0
2022-07-05 16:32:44.320577+00:00,19610.945,0.01,22.38433055,0.0
2022-07-05 16:32:45.320577+00:00,19610.945,0.01,14.56014983,0.0
2022-07-05 16:32:46.320577+00:00,19610.97,2.28,496.821878,1240.374789
2022-07-05 16:32:47.320577+00:00,19607.75,0.52,1501.400709,11912.27347
2022-07-05 16:32:48.320577+00:00,19609.265,1.31,21.99171658,0.0
2022-07-05 16:32:49.320577+00:00,19605.705,0.01,0.291202115,11960.8781
2022-07-05 16:32:50.320577+00:00,19605.705,0.01,0.0,0.0
2022-07-05 16:32:51.320577+00:00,19603.55,0.12,0.0,32936.85705
2022-07-05 16:32:52.320577+00:00,19602.23,1.28,426.7169063,279.3101273
2022-07-05 16:32:53.320577+00:00,19600.595,2.23,97.97792618,7.994627892
2022-07-05 16:32:54.320577+00:00,19599.315,1.97,20.9524397,112.1436696
2022-07-05 16:32:55.320577+00:00,19596.47,3.36,0.0,93.162116
2022-07-05 16:32:56.320577+00:00,19599.175,0.03,698.548377,802.6477956
2022-07-05 16:32:57.320577+00:00,19595.485,0.01,0.0,2586.640007
2022-07-05 16:32:58.320577+00:00,19598.3,0.72,13.21793332,0.0
2022-07-05 16:32:59.320577+00:00,19594.9,0.1,441.5911922,33823.26642
2022-07-05 16:33:00.320577+00:00,19592.61,2.2,4.970049161,6040.869861
2022-07-05 16:33:01.320577+00:00,19591.215,0.99,0.0,1.80941183
2022-07-05 16:33:02.320577+00:00,19588.975,2.57,0.0,24773.29648
2022-07-05 16:33:03.320577+00:00,19589.045,3.75,225.0711031,20.52657864
2022-07-05 16:33:04.320577+00:00,19588.535,0.63,1043.451702,0.0
2022-07-05 16:33:05.320577+00:00,19588.735,0.01,95.78914186,3.917746
2022-07-05 16:33:06.320577+00:00,19582.975,1.21,489.8979329,6883.40383
2022-07-05 16:33:07.320577+00:00,19582.95,0.76,130.8361583,17.73359163
2022-07-05 16:33:08.320577+00:00,19584.015,1.27,2474.617562,64.73070958
2022-07-05 16:33:09.320577+00:00,19587.025,0.01,10488.56943,0.0
2022-07-05 16:33:10.320577+00:00,19584.685,1.21,786.9823734,2458.002971
2022-07-05 16:33:11.320577+00:00,19582.875,0.01,4.3082336,2008.649471
2022-07-05 16:33:12.320577+00:00,19585.155,0.01,573.6385646,0.0
2022-07-05 16:33:13.320577+00:00,19585.155,0.01,0.0,0.0
2022-07-05 16:33:14.320577+00:00,19586.3,2.06,0.0,0.10008073
2022-07-05 16:33:15.320577+00:00,19586.315,2.31,2537.069879,0.0
2022-07-05 16:33:16.320577+00:00,19585.195,0.01,0.0,22.91611347
2022-07-05 16:33:17.320577+00:00,19584.395,1.97,49.75269076,1152.593568
2022-07-05 16:33:18.320577+00:00,19584.745,1.71,2582.003125,47.33255785
2022-07-05 16:33:19.320577+00:00,19582.525,1.65,43.27165492,3.916778
2022-07-05 16:33:20.320577+00:00,19579.405,0.87,9.947296579,5712.876429
2022-07-05 16:33:21.320577+00:00,19579.24,2.76,41.80504495,0.0
2022-07-05 16:33:22.320577+00:00,19574.825,1.71,56.72948666,607.8949998
2022-07-05 16:33:23.320577+00:00,19575.985,0.01,3226.424109,141.5622768
2022-07-05 16:33:24.320577+00:00,19575.95,2.18,28.58855195,0.0
2022-07-05 16:33:25.320577+00:00,19574.555,1.49,310.990723,5262.563822
2022-07-05 16:33:26.320577+00:00,19577.845,0.01,72.5323486,5.494399028
2022-07-05 16:33:27.320577+00:00,19578.995,0.01,1005.819211,0.0
2022-07-05 16:33:28.320577+00:00,19576.565,0.01,1291.574227,3.916374
2022-07-05 16:33:29.320577+00:00,19577.185,1.05,995.0189143,0.0
2022-07-05 16:33:30.320577+00:00,19576.46,2.04,399.7715194,1746.278976
2022-07-05 16:33:31.320577+00:00,19576.455,1.89,1.3704894,168.2691899
2022-07-05 16:33:32.320577+00:00,19572.88,2.1,302.0343083,3017.639913
2022-07-05 16:33:33.320577+00:00,19573.715,0.01,18.41397709,1010.913364
2022-07-05 16:33:34.320577+00:00,19573.315,0.01,401.1198195,4704.226796
2022-07-05 16:33:35.320577+00:00,19574.205,2.07,2343.79483,0.0
2022-07-05 16:33:36.320577+00:00,19575.285,0.01,45103.74741,0.0
2022-07-05 16:33:37.320577+00:00,19578.845,1.01,18044.6658,0.0
2022-07-05 16:33:38.320577+00:00,19578.13,1.48,17.42205273,0.0
2022-07-05 16:33:39.320577+00:00,19578.745,0.01,47.7748816,3.916008
2022-07-05 16:33:40.320577+00:00,19578.745,0.01,0.0,265.7089542
2022-07-05 16:33:41.320577+00:00,19578.735,3.33,10749.74005,96.29313801
2022-07-05 16:33:42.320577+00:00,19583.18,2.74,14250.08017,0.0
2022-07-05 16:33:43.320577+00:00,19583.1,1.78,23.39508006,0.0
2022-07-05 16:33:44.320577+00:00,19584.755,2.99,27.93879451,0.0
2022-07-05 16:33:45.320577+00:00,19584.565,2.57,2585.323285,65.03179435
2022-07-05 16:33:46.320577+00:00,19586.795,0.01,782.3625595,0.0
2022-07-05 16:33:47.320577+00:00,19588.45,1.2,316.6194803,0.0
2022-07-05 16:33:48.320577+00:00,19585.635,0.01,95.75671281,1666.528965
2022-07-05 16:33:49.320577+00:00,19581.235,0.01,49.78042948,17113.62119
2022-07-05 16:33:50.320577+00:00,19581.235,0.01,7.0492464,1065.05208
2022-07-05 16:33:51.320577+00:00,19582.455,2.25,123.3065657,0.0
2022-07-05 16:33:52.320577+00:00,19584.315,2.09,596.5508651,0.0
2022-07-05 16:33:53.320577+00:00,19584.135,0.01,4.088637276,119.066768
2022-07-05 16:33:54.320577+00:00,19585.625,0.67,47.78118893,0.0
2022-07-05 16:33:55.320577+00:00,19586.845,0.01,2236.745742,0.0
2022-07-05 16:33:56.320577+00:00,19586.845,0.01,0.0,0.0
2022-07-05 16:33:57.320577+00:00,19586.845,0.01,0.0,113.7345121
2022-07-05 16:33:58.320577+00:00,19587.805,0.97,0.0,0.0
2022-07-05 16:33:59.320577+00:00,19586.88,1.36,420.346098,4.925648507
2022-07-05 16:34:00.320577+00:00,19590.01,2.3,485.4553465,3.918248
2022-07-05 16:34:01.320577+00:00,19588.845,0.01,7.389552392,50.25779254
2022-07-05 16:34:02.320577+00:00,19588.845,0.01,0.0,68.94684015
2022-07-05 16:34:03.320577+00:00,19591.01,0.48,23.40989154,0.0
2022-07-05 16:34:04.320577+00:00,19594.27,1.74,21962.02841,0.0
2022-07-05 16:34:05.320577+00:00,19596.66,2.02,0.0,0.0
2022-07-05 16:34:06.320577+00:00,19595.67,2.38,0.0,669.1946254
2022-07-05 16:34:07.320577+00:00,19597.545,0.01,1002.148032,13020.97247
2022-07-05 16:34:08.320577+00:00,19598.94,2.1,1096.005408,0.0
2022-07-05 16:34:09.320577+00:00,19597.515,0.01,16.1215551,13798.68042
2022-07-05 16:34:10.320577+00:00,19597.035,0.53,5.168314655,18479.25208
2022-07-05 16:34:11.320577+00:00,19592.165,0.01,20.34312749,6859.063896
2022-07-05 16:34:12.320577+00:00,19593.12,2.76,1020.074116,0.0
2022-07-05 16:34:13.320577+00:00,19593.725,0.01,0.0,0.0
2022-07-05 16:34:14.320577+00:00,19590.555,0.01,513.7028849,16845.98854
2022-07-05 16:34:15.320577+00:00,19589.25,0.64,0.0,9.467070545
2022-07-05 16:34:16.320577+00:00,19589.475,1.11,0.0,2585.68894
2022-07-05 16:34:17.320577+00:00,19588.485,0.71,105.78006,8.531170549
2022-07-05 16:34:18.320577+00:00,19588.21,1.0,569.7616613,114.4986637
2022-07-05 16:34:19.320577+00:00,19589.13,2.32,0.0,2.51225847
2022-07-05 16:34:20.320577+00:00,19589.015,0.95,0.0,0.0
2022-07-05 16:34:21.320577+00:00,19582.95,0.02,195.0978835,347.8788774
2022-07-05 16:34:22.320577+00:00,19582.69,0.8,1916.546693,14682.26676
2022-07-05 16:34:23.320577+00:00,19582.655,0.73,0.0,0.0
2022-07-05 16:34:24.320577+00:00,19582.655,0.73,0.0,0.0
2022-07-05 16:34:25.320577+00:00,19582.655,0.73,0.0,0.0
2022-07-05 16:34:26.320577+00:00,19582.655,0.73,0.0,0.0
2022-07-05 16:34:27.320577+00:00,19582.655,0.73,0.0,0.0
2022-07-05 16:34:28.320577+00:00,19582.655,0.73,0.0,0.0
2022-07-05 16:34:29.320577+00:00,19582.655,0.73,0.0,0.0
2022-07-05 16:34:30.320577+00:00,19582.655,0.73,0.0,0.0
2022-07-05 16:34:31.320577+00:00,19581.79,1.28,1051.542275,11877.45844
2022-07-05 16:34:32.320577+00:00,19581.885,0.41,0.0,0.0
2022-07-05 16:34:33.320577+00:00,19581.685,0.01,303.4132152,0.0
2022-07-05 16:34:34.320577+00:00,19582.77,2.14,0.0,0.0
2022-07-05 16:34:35.320577+00:00,19581.91,2.36,207.2297156,0.0
2022-07-05 16:34:36.320577+00:00,19583.035,0.01,34.08817282,90.86550953
2022-07-05 16:34:37.320577+00:00,19586.275,0.01,4754.676357,0.0
2022-07-05 16:34:38.320577+00:00,19585.52,0.96,980.2481659,41.96602461
2022-07-05 16:34:39.320577+00:00,19586.365,0.99,0.0,476.3352675
2022-07-05 16:34:40.320577+00:00,19586.57,0.04,0.0,0.0
2022-07-05 16:34:41.320577+00:00,19586.575,0.01,52.76761758,0.629120628
2022-07-05 16:34:42.320577+00:00,19586.44,1.72,3865.159784,0.0
2022-07-05 16:34:43.320577+00:00,19587.325,2.17,115.4280656,0.0
2022-07-05 16:34:44.320577+00:00,19586.35,1.48,13.44352578,0.0
2022-07-05 16:34:45.320577+00:00,19586.895,0.01,48.94433333,0.0
2022-07-05 16:34:46.320577+00:00,19592.45,1.26,1527.583197,0.0
2022-07-05 16:34:47.320577+00:00,19591.135,0.01,31.99925186,0.480179332
2022-07-05 16:34:48.320577+00:00,19594.3,1.24,1383.035418,49.20580753
2022-07-05 16:34:49.320577+00:00,19591.675,0.41,46.39683031,4405.822057
2022-07-05 16:34:50.320577+00:00,19590.215,0.01,0.0,49.3673292
2022-07-05 16:34:51.320577+00:00,19591.6,1.48,518.5980256,355.7826806
2022-07-05 16:34:52.320577+00:00,19591.335,2.57,96.53867191,0.0
2022-07-05 16:34:53.320577+00:00,19590.91,0.24,7.051169495,14.28608772
2022-07-05 16:34:54.320577+00:00,19588.72,1.62,0.0,120.3804271
2022-07-05 16:34:55.320577+00:00,19587.665,0.33,12.88351901,868.5137331
2022-07-05 16:34:56.320577+00:00,19587.385,0.07,0.0,11.693567
2022-07-05 16:34:57.320577+00:00,19586.995,2.07,3.913122726,0.0
2022-07-05 16:34:58.320577+00:00,19586.905,0.87,0.0,949.2642839
2022-07-05 16:34:59.320577+00:00,19586.955,0.01,58.15243808,106.3089876
2022-07-05 16:35:00.320577+00:00,19584.575,0.01,39.7613258,153.9212145
2022-07-05 16:35:01.320577+00:00,19585.07,2.08,310.3946678,298.9983963
2022-07-05 16:35:02.320577+00:00,19584.065,0.01,1.02953456,235.00884
2022-07-05 16:35:03.320577+00:00,19582.435,2.03,214.7226639,19.58404
2022-07-05 16:35:04.320577+00:00,19581.165,0.37,8.96761005,39.16289
2022-07-05 16:35:05.320577+00:00,19580.495,0.77,23.16065853,0.0
2022-07-05 16:35:06.320577+00:00,19579.155,0.51,24.85073478,293.69775
2022-07-05 16:35:07.320577+00:00,19579.435,3.27,19.72677679,346.1992013
2022-07-05 16:35:08.320577+00:00,19579.67,1.2,133.1965488,0.0
2022-07-05 16:35:09.320577+00:00,19581.235,0.01,27439.45659,8.216995912
2022-07-05 16:35:10.320577+00:00,19585.655,0.01,40421.96423,0.0
2022-07-05 16:35:11.320577+00:00,19583.15,1.18,8.970497777,2061.157522
2022-07-05 16:35:12.320577+00:00,19582.475,0.01,564.8899122,1956.78447
2022-07-05 16:35:13.320577+00:00,19582.345,0.01,115.1267443,429.2857761
2022-07-05 16:35:14.320577+00:00,19582.345,0.01,107.7873249,630.5100888
2022-07-05 16:35:15.320577+00:00,19582.345,0.01,34886.89824,0.0
2022-07-05 16:35:16.320577+00:00,19589.94,1.78,39078.71982,0.0
2022-07-05 16:35:17.320577+00:00,19591.35,1.96,18498.89224,32.64788109
2022-07-05 16:35:18.320577+00:00,19589.27,2.2,307.7401227,254.9193107
2022-07-05 16:35:19.320577+00:00,19589.63,2.22,47.79676646,232.2202998
2022-07-05 16:35:20.320577+00:00,19590.325,0.01,456.6608112,0.0
2022-07-05 16:35:21.320577+00:00,19588.545,0.01,55.56014861,103.8024664
2022-07-05 16:35:22.320577+00:00,19589.875,2.43,74.37356348,0.0
2022-07-05 16:35:23.320577+00:00,19591.725,0.01,2468.621731,221.600147
2022-07-05 16:35:24.320577+00:00,19588.145,0.77,2039.68043,1665.527991
2022-07-05 16:35:25.320577+00:00,19588.435,0.03,27.88280162,0.0
2022-07-05 16:35:26.320577+00:00,19589.275,0.99,18.41921698,197.6739287
2022-07-05 16:35:27.320577+00:00,19590.205,0.01,2545.298953,0.0
2022-07-05 16:35:28.320577+00:00,19593.455,0.01,3787.233139,0.0
2022-07-05 16:35:29.320577+00:00,19590.895,0.01,14206.79433,126.1809543
2022-07-05 16:35:30.320577+00:00,19588.905,3.61,0.0,3.918178
2022-07-05 16:35:31.320577+00:00,19588.425,1.91,0.0,15.57191145
2022-07-05 16:35:32.320577+00:00,19588.095,0.01,27.05478524,0.0
2022-07-05 16:35:33.320577+00:00,19588.095,0.01,7.684607511,0.0
2022-07-05 16:35:34.320577+00:00,19589.115,1.19,266.2312269,658.0145423
2022-07-05 16:35:35.320577+00:00,19590.93,2.12,103.4844685,0.0
2022-07-05 16:35:36.320577+00:00,19593.13,1.54,37.82251331,0.0
2022-07-05 16:35:37.320577+00:00,19595.625,1.51,170.6791914,0.0
2022-07-05 16:35:38.320577+00:00,19595.37,0.76,37.83069007,0.0
2022-07-05 16:35:39.320577+00:00,19595.275,2.21,114.5151933,100.0181054
2022-07-05 16:35:40.320577+00:00,19594.665,0.73,176.9441675,0.0
2022-07-05 16:35:41.320577+00:00,19591.465,0.01,5.6815263,4180.122394
2022-07-05 16:35:42.320577+00:00,19591.465,0.01,0.0,20104.83619
2022-07-05 16:35:43.320577+00:00,19592.705,0.73,259.910513,3.91893
2022-07-05 16:35:44.320577+00:00,19593.935,0.01,410.2751488,0.0
2022-07-05 16:35:45.320577+00:00,19593.935,2.29,29.33127405,103.2964838
2022-07-05 16:35:46.320577+00:00,19594.76,2.36,348.3118363,3.919144
2022-07-05 16:35:47.320577+00:00,19595.935,0.01,45.66806492,29.47697362
2022-07-05 16:35:48.320577+00:00,19599.995,0.01,415.3561032,687.5573271
2022-07-05 16:35:49.320577+00:00,19599.995,0.01,530.964,0.0
2022-07-05 16:35:50.320577+00:00,19599.995,0.01,0.0,2.541922703
2022-07-05 16:35:51.320577+00:00,19602.44,2.92,27.88060937,0.0
2022-07-05 16:35:52.320577+00:00,19599.61,2.48,0.0,175.5301994
2022-07-05 16:35:53.320577+00:00,19600.565,0.01,159.4717588,0.0
2022-07-05 16:35:54.320577+00:00,19600.215,0.69,119.4133366,0.0
2022-07-05 16:35:55.320577+00:00,19601.68,1.52,0.0,2085.037714
2022-07-05 16:35:56.320577+00:00,19600.22,0.68,10.62274118,2813.058212
2022-07-05 16:35:57.320577+00:00,19599.785,0.01,460.1494015,537.6258056
2022-07-05 16:35:58.320577+00:00,19599.785,0.01,0.0,0.0
2022-07-05 16:35:59.320577+00:00,19599.785,0.01,165.4900429,0.0
2022-07-05 16:36:00.320577+00:00,19601.725,0.01,96.5261863,4.1163612
2022-07-05 16:36:01.320577+00:00,19602.58,2.02,10172.15457,75.00120596
2022-07-05 16:36:02.320577+00:00,19602.7,0.7,11.70334225,0.0
2022-07-05 16:36:03.320577+00:00,19601.6,1.64,490.2043807,133.5034438
2022-07-05 16:36:04.320577+00:00,19607.955,3.05,1364.42195,0.0
2022-07-05 16:36:05.320577+00:00,19609.1,2.62,0.0,2.293523196
2022-07-05 16:36:06.320577+00:00,19607.405,2.97,47.79265773,1430.928749
2022-07-05 16:36:07.320577+00:00,19604.835,0.01,957.1403985,4489.020634
2022-07-05 16:36:08.320577+00:00,19604.585,0.01,1.410747908,21.66430962
2022-07-05 16:36:09.320577+00:00,19604.79,2.18,46.30142912,0.0
2022-07-05 16:36:10.320577+00:00,19604.265,0.01,65.95806887,63.24313677
2022-07-05 16:36:11.320577+00:00,19606.985,0.01,8.967693226,4.3135356
2022-07-05 16:36:12.320577+00:00,19606.985,0.01,3.991394954,0.0
2022-07-05 16:36:13.320577+00:00,19604.55,1.88,239.2670164,329.5430947
2022-07-05 16:36:14.320577+00:00,19606.105,0.89,341.7068911,70.33779638
2022-07-05 16:36:15.320577+00:00,19609.015,2.23,27.66262889,0.0
2022-07-05 16:36:16.320577+00:00,19608.245,0.01,141.8763086,903.0826264
2022-07-05 16:36:17.320577+00:00,19606.645,1.99,529.2482328,4.890487206
2022-07-05 16:36:18.320577+00:00,19607.235,0.47,0.0,0.0
2022-07-05 16:36:19.320577+00:00,19606.395,1.59,868.3209157,120.5250664
2022-07-05 16:36:20.320577+00:00,19605.665,0.01,0.999715549,891.9799252
2022-07-05 16:36:21.320577+00:00,19605.415,0.01,3523.46331,9748.923485
2022-07-05 16:36:22.320577+00:00,19607.135,2.13,33.33976463,0.0
2022-07-05 16:36:23.320577+00:00,19607.145,2.11,2451.930138,81.73849007
2022-07-05 16:36:24.320577+00:00,19604.875,0.01,117.9145855,0.0
2022-07-05 16:36:25.320577+00:00,19601.535,1.41,2626.587957,50.48469679
2022-07-05 16:36:26.320577+00:00,19601.035,2.17,158.272549,54.97993647
2022-07-05 16:36:27.320577+00:00,19603.295,3.35,1852.209023,0.0
2022-07-05 16:36:28.320577+00:00,19602.44,1.84,12013.61793,0.0
2022-07-05 16:36:29.320577+00:00,19602.555,0.01,4.990427355,3233.657973
2022-07-05 16:36:30.320577+00:00,19605.985,0.01,199.9592375,459.6361251
2022-07-05 16:36:31.320577+00:00,19606.14,0.02,0.0,0.0
2022-07-05 16:36:32.320577+00:00,19607.185,0.75,0.0,0.0
2022-07-05 16:36:33.320577+00:00,19608.025,0.01,146.6813185,8.645114823
2022-07-05 16:36:34.320577+00:00,19606.725,0.01,503.298914,637.7420578
2022-07-05 16:36:35.320577+00:00,19606.08,1.28,0.0,514.2423817
2022-07-05 16:36:36.320577+00:00,19605.965,3.13,29.09713505,0.0
2022-07-05 16:36:37.320577+00:00,19606.06,2.0,0.0,16.6930951
2022-07-05 16:36:38.320577+00:00,19606.095,1.55,367.5001256,0.0
2022-07-05 16:36:39.320577+00:00,19608.13,1.24,1725.106925,160.264025
2022-07-05 16:36:40.320577+00:00,19608.4,1.78,0.0,0.0
2022-07-05 16:36:41.320577+00:00,19607.305,2.61,23.39795678,0.0
2022-07-05 16:36:42.320577+00:00,19606.68,1.14,1.9969551,0.0
2022-07-05 16:36:43.320577+00:00,19604.15,2.18,8.966456514,980.2585
2022-07-05 16:36:44.320577+00:00,19604.48,1.48,137.0364083,4.844893862
2022-07-05 16:36:45.320577+00:00,19604.635,1.23,0.0,0.0
2022-07-05 16:36:46.320577+00:00,19605.215,0.01,534.1511149,0.0
2022-07-05 16:36:47.320577+00:00,19603.28,2.34,23.39282585,166.1572078
2022-07-05 16:36:48.320577+00:00,19603.44,2.4,1376.662583,0.0
2022-07-05 16:36:49.320577+00:00,19599.795,0.01,47.76611722,90542.81698
2022-07-05 16:36:50.320577+00:00,19601.015,0.01,2114.578641,0.0
2022-07-05 16:36:51.320577+00:00,19601.015,0.01,0.0,0.0
2022-07-05 16:36:52.320577+00:00,19601.015,0.01,49.25697124,0.0
2022-07-05 16:36:53.320577+00:00,19595.215,0.17,517.2586866,35777.60985
2022-07-05 16:36:54.320577+00:00,19595.135,0.01,984.8307696,3.997994374
2022-07-05 16:36:55.320577+00:00,19595.135,0.01,1848.317851,0.0
2022-07-05 16:36:56.320577+00:00,19595.135,0.01,8.965560356,2844.820973
2022-07-05 16:36:57.320577+00:00,19595.135,0.01,54253.61023,0.0
2022-07-05 16:36:58.320577+00:00,19593.055,0.01,9.17801696,0.195363446
2022-07-05 16:36:59.320577+00:00,19593.12,0.96,361.2242836,101.2939488
2022-07-05 16:37:00.320577+00:00,19588.605,0.45,199.7150648,980.7869262
2022-07-05 16:37:01.320577+00:00,19588.575,0.01,195.8716495,0.0
2022-07-05 16:37:02.320577+00:00,19587.035,0.01,76.54579003,941.1053515
2022-07-05 16:37:03.320577+00:00,19588.57,1.96,13321.59999,0.0
2022-07-05 16:37:04.320577+00:00,19588.035,0.53,42.82218231,2.08471359
2022-07-05 16:37:05.320577+00:00,19596.45,0.8,6675.946655,0.3134056
2022-07-05 16:37:06.320577+00:00,19596.71,2.92,0.0,65.83435738
2022-07-05 16:37:07.320577+00:00,19596.605,2.23,0.0,0.0
2022-07-05 16:37:08.320577+00:00,19596.605,2.23,0.0,0.0
2022-07-05 16:37:09.320577+00:00,19596.605,2.23,0.0,0.0
2022-07-05 16:37:10.320577+00:00,19596.605,2.23,0.0,0.0
2022-07-05 16:37:11.320577+00:00,19596.605,2.23,0.0,0.0
2022-07-05 16:37:12.320577+00:00,19596.605,2.23,0.0,0.0
2022-07-05 16:37:13.320577+00:00,19596.605,2.23,0.0,0.0
2022-07-05 16:37:14.320577+00:00,19596.605,2.23,0.0,0.0
2022-07-05 16:37:15.320577+00:00,19609.415,0.93,1555.79424,99.88241395
2022-07-05 16:37:16.320577+00:00,19610.755,2.29,4.984887045,0.0
2022-07-05 16:37:17.320577+00:00,19610.755,2.29,4.984887045,0.0
2022-07-05 16:37:18.320577+00:00,19611.995,0.01,1.04355452,16.86228274
2022-07-05 16:37:19.320577+00:00,19611.705,1.61,1120.762371,2438.905303
2022-07-05 16:37:20.320577+00:00,19612.005,0.01,32.38981777,0.0
2022-07-05 16:37:21.320577+00:00,19604.095,1.01,174.6845365,27022.66856
2022-07-05 16:37:22.320577+00:00,19600.235,0.01,1190.3531,28359.40215
2022-07-05 16:37:23.320577+00:00,19603.71,1.1,12258.72023,5.406527443
2022-07-05 16:37:24.320577+00:00,19602.93,0.88,1.000599389,502.4889402
2022-07-05 16:37:25.320577+00:00,19602.75,0.46,13.90853872,0.0
2022-07-05 16:37:26.320577+00:00,19598.825,2.31,0.0,1148.680976
2022-07-05 16:37:27.320577+00:00,19598.97,1.96,957.3084654,51.01597168
2022-07-05 16:37:28.320577+00:00,19599.835,0.21,2737.337235,0.0
2022-07-05 16:37:29.320577+00:00,19598.625,1.19,1.990176892,0.0
2022-07-05 16:37:30.320577+00:00,19597.945,2.53,66.30334346,1959.677238
2022-07-05 16:37:31.320577+00:00,19599.025,0.01,401.779665,0.0
2022-07-05 16:37:32.320577+00:00,19596.925,1.03,1470.520086,47.83259342
2022-07-05 16:37:33.320577+00:00,19599.56,4.04,19036.71594,342.8685984
2022-07-05 16:37:34.320577+00:00,19601.655,0.01,5815.172978,8.768600111
2022-07-05 16:37:35.320577+00:00,19601.845,0.01,0.0,0.0
2022-07-05 16:37:36.320577+00:00,19603.725,0.01,0.0,148.3707919
2022-07-05 16:37:37.320577+00:00,19593.23,2.14,5.151225347,8173.676843
2022-07-05 16:37:38.320577+00:00,19591.105,2.17,0.0,999.20117
2022-07-05 16:37:39.320577+00:00,19590.41,0.66,56.68812862,0.0
2022-07-05 16:37:40.320577+00:00,19588.595,0.01,3928.356486,0.0
2022-07-05 16:37:41.320577+00:00,19586.605,0.01,398.779216,983.31064
2022-07-05 16:37:42.320577+00:00,19589.38,0.02,105.0804316,42133.81168
2022-07-05 16:37:43.320577+00:00,19590.6,2.12,416.8103952,0.0
2022-07-05 16:37:44.320577+00:00,19593.015,0.01,1159.886371,134.3215197
2022-07-05 16:37:45.320577+00:00,19588.74,2.88,1056.553133,317.6067553
